<?xml version="1.0" encoding="UTF-8"?>
<!DOCTYPE html PUBLIC "-//W3C//DTD XHTML 1.0 Transitional//EN"
    "http://www.w3.org/TR/xhtml1/DTD/xhtml1-transitional.dtd">
<html xmlns="http://www.w3.org/1999/xhtml" xml:lang="en" lang="en">
 <head>
  <title>
</title>
<meta http-equiv="Content-Type" content="text/html;charset=utf-8" />
  <meta name='ocr-system' content='tesseract 3.04.00' />
  <meta name='ocr-capabilities' content='ocr_page ocr_carea ocr_par ocr_line ocrx_word'/>
</head>
<body>
  <div class='ocr_page' id='page_1' title='image "./declavsvlisminv00aussgoog_0042.png"; bbox 0 0 3634 5300; ppageno 0'>
   <div class='ocr_carea' id='block_1_1' title="bbox 1623 273 2067 337">
    <p class='ocr_par' dir='ltr' id='par_1_1' title="bbox 1623 273 2067 337">
     <span class='ocr_line' id='line_1_1' title="bbox 1623 273 2067 337; baseline -0.002 -19"><span class='ocrx_word' id='word_1_1' title='bbox 1623 273 2067 337; x_wconf 68' lang='lat'>—36—</span> 
     </span>
    </p>
   </div>
   <div class='ocr_carea' id='block_1_2' title="bbox 1103 514 2584 600">
    <p class='ocr_par' dir='ltr' id='par_1_2' title="bbox 1103 514 2584 600">
     <span class='ocr_line' id='line_1_2' title="bbox 1103 514 2584 600; baseline -0.002 -14"><span class='ocrx_word' id='word_1_2' title='bbox 1103 523 1154 586; x_wconf 84' lang='lat' dir='ltr'>V</span> <span class='ocrx_word' id='word_1_3' title='bbox 1225 521 1330 586; x_wconf 88' lang='lat' dir='ltr'>De</span> <span class='ocrx_word' id='word_1_4' title='bbox 1380 521 1716 586; x_wconf 76' lang='lat' dir='ltr'>clausulis</span> <span class='ocrx_word' id='word_1_5' title='bbox 1767 519 2043 584; x_wconf 75' lang='lat' dir='ltr'><strong>Minucii</strong></span> <span class='ocrx_word' id='word_1_6' title='bbox 2098 514 2584 600; x_wconf 67' lang='lat' dir='ltr'><strong>singularibus.</strong></span> 
     </span>
    </p>
   </div>
   <div class='ocr_carea' id='block_1_3' title="bbox 537 707 3161 1226">
    <p class='ocr_par' dir='ltr' id='par_1_3' title="bbox 537 707 3161 1226">
     <span class='ocr_line' id='line_1_3' title="bbox 731 707 2960 799; baseline -0.003 -22"><span class='ocrx_word' id='word_1_7' title='bbox 731 713 867 799; x_wconf 86' lang='lat' dir='ltr'>Va)</span> <span class='ocrx_word' id='word_1_8' title='bbox 927 713 1212 776; x_wconf 90' lang='lat' dir='ltr'>Primum</span> <span class='ocrx_word' id='word_1_9' title='bbox 1259 711 1515 796; x_wconf 89' lang='lat' dir='ltr'>quidem</span> <span class='ocrx_word' id='word_1_10' title='bbox 1561 709 2113 774; x_wconf 86' lang='lat' dir='ltr'>dochmiacam</span> <span class='ocrx_word' id='word_1_11' title='bbox 2160 709 2571 773; x_wconf 81' lang='lat' dir='ltr'>clausulae</span> <span class='ocrx_word' id='word_1_12' title='bbox 2618 707 2960 771; x_wconf 91' lang='lat' dir='ltr'>formam</span> 
     </span>
     <span class='ocr_line' id='line_1_4' title="bbox 539 809 3159 907; baseline -0.003 -23"><span class='ocrx_word' id='word_1_13' title='bbox 539 824 602 907; x_wconf 58' lang='lat' dir='ltr'>(c</span> <span class='ocrx_word' id='word_1_14' title='bbox 622 858 782 884; x_wconf 65' lang='grc' dir='ltr'>--υ</span> <span class='ocrx_word' id='word_1_15' title='bbox 803 823 871 906; x_wconf 49' lang='lat'>24)</span> <span class='ocrx_word' id='word_1_16' title='bbox 928 819 987 884; x_wconf 87' lang='lat' dir='ltr'>J.</span> <span class='ocrx_word' id='word_1_17' title='bbox 1034 818 1237 882; x_wconf 87' lang='lat' dir='ltr'>Wolff</span> <span class='ocrx_word' id='word_1_18' title='bbox 1287 819 1410 903; x_wconf 84' lang='lat' dir='ltr'>(De</span> <span class='ocrx_word' id='word_1_19' title='bbox 1460 809 1766 881; x_wconf 61' lang='lat' dir='ltr'>&#39;clausulis</span> <span class='ocrx_word' id='word_1_20' title='bbox 1815 815 2249 880; x_wconf 80' lang='lat' dir='ltr'><strong>Ciceronianis</strong></span> <span class='ocrx_word' id='word_1_21' title='bbox 2308 837 2367 898; x_wconf 90' lang='lat' dir='ltr'>p.</span> <span class='ocrx_word' id='word_1_22' title='bbox 2416 818 2609 900; x_wconf 74' lang='lat'>582³)</span> <span class='ocrx_word' id='word_1_23' title='bbox 2654 814 2937 879; x_wconf 89' lang='lat' dir='ltr'>restituit</span> <span class='ocrx_word' id='word_1_24' title='bbox 2982 813 3159 878; x_wconf 85' lang='lat' dir='ltr'>Cice-</span> 
     </span>
     <span class='ocr_line' id='line_1_5' title="bbox 537 919 3161 1009; baseline -0.004 -17"><span class='ocrx_word' id='word_1_25' title='bbox 537 929 712 1004; x_wconf 82' lang='lat' dir='ltr'>roni3</span> <span class='ocrx_word' id='word_1_26' title='bbox 773 926 944 1009; x_wconf 88' lang='lat' dir='ltr'>quod</span> <span class='ocrx_word' id='word_1_27' title='bbox 1005 928 1172 989; x_wconf 87' lang='lat' dir='ltr'>recte</span> <span class='ocrx_word' id='word_1_28' title='bbox 1232 946 1376 988; x_wconf 90' lang='lat' dir='ltr'>eum</span> <span class='ocrx_word' id='word_1_29' title='bbox 1437 923 1656 988; x_wconf 83' lang='lat' dir='ltr'>fecisse</span> <span class='ocrx_word' id='word_1_30' title='bbox 1715 923 1847 987; x_wconf 87' lang='lat' dir='ltr'>iam</span> <span class='ocrx_word' id='word_1_31' title='bbox 1907 943 2127 986; x_wconf 88' lang='lat' dir='ltr'>omnes</span> <span class='ocrx_word' id='word_1_32' title='bbox 2186 920 2317 986; x_wconf 88' lang='lat' dir='ltr'>fere</span> <span class='ocrx_word' id='word_1_33' title='bbox 2379 921 2790 986; x_wconf 90' lang='lat' dir='ltr'>consentiunt</span> <span class='ocrx_word' id='word_1_34' title='bbox 2834 924 2898 985; x_wconf 88' lang='lat' dir='ltr'>et</span> <span class='ocrx_word' id='word_1_35' title='bbox 2944 919 3161 984; x_wconf 88' lang='lat' dir='ltr'>Cicero</span> 
     </span>
     <span class='ocr_line' id='line_1_6' title="bbox 537 1028 3159 1119; baseline -0.003 -21"><span class='ocrx_word' id='word_1_36' title='bbox 537 1035 670 1119; x_wconf 89' lang='lat' dir='ltr'>ipse</span> <span class='ocrx_word' id='word_1_37' title='bbox 730 1036 1004 1096; x_wconf 86' lang='lat' dir='ltr'>testatur</span> <span class='ocrx_word' id='word_1_38' title='bbox 1064 1031 1320 1117; x_wconf 85' lang='lat' dir='ltr'>(Orator</span> <span class='ocrx_word' id='word_1_39' title='bbox 1367 1032 1541 1116; x_wconf 72' lang='lat'>218)</span> <span class='ocrx_word' id='word_1_40' title='bbox 1623 1029 1855 1093; x_wconf 84' lang='lat' dir='ltr'>Eadem</span> <span class='ocrx_word' id='word_1_41' title='bbox 1917 1029 2231 1093; x_wconf 81' lang='lat' dir='ltr'>clausulae</span> <span class='ocrx_word' id='word_1_42' title='bbox 2291 1028 2499 1093; x_wconf 88' lang='lat' dir='ltr'>forma</span> <span class='ocrx_word' id='word_1_43' title='bbox 2562 1033 2787 1114; x_wconf 88' lang='lat' dir='ltr'>quater</span> <span class='ocrx_word' id='word_1_44' title='bbox 2832 1029 3159 1093; x_wconf 86' lang='lat' dir='ltr'>invenitur</span> 
     </span>
     <span class='ocr_line' id='line_1_7' title="bbox 539 1121 2475 1226; baseline -0.012 -20"><span class='ocrx_word' id='word_1_45' title='bbox 539 1140 708 1226; x_wconf 91' lang='lat' dir='ltr'>apud</span> <span class='ocrx_word' id='word_1_46' title='bbox 755 1139 1104 1204; x_wconf 89' lang='lat' dir='ltr'>Minucium</span> <span class='ocrx_word' id='word_1_47' title='bbox 2472 1121 2475 1124; x_wconf 72' lang='grc'><strong><em>’</em></strong></span> 
     </span>
    </p>
   </div>
   <div class='ocr_carea' id='block_1_4' title="bbox 536 1201 3164 1655">
    <p class='ocr_par' dir='ltr' id='par_1_4' title="bbox 536 1201 3164 1655">
     <span class='ocr_line' id='line_1_8' title="bbox 541 1201 2177 1335; baseline -0.003 -25"><span class='ocrx_word' id='word_1_48' title='bbox 541 1272 577 1310; x_wconf 65' lang='grc' dir='ltr'><em>ψ</em></span> <span class='ocrx_word' id='word_1_49' title='bbox 601 1288 636 1312; x_wconf 61' lang='grc' dir='ltr'><strong><em>υ</em></strong></span> <span class='ocrx_word' id='word_1_50' title='bbox 662 1288 697 1310; x_wconf 61' lang='grc' dir='ltr'><strong>υ</strong></span> <span class='ocrx_word' id='word_1_51' title='bbox 741 1247 750 1335; x_wconf 99' lang='grc' dir='ltr'>Ι</span> <span class='ocrx_word' id='word_1_52' title='bbox 792 1283 1074 1309; x_wconf 67' lang='grc'><strong>-----</strong></span> <span class='ocrx_word' id='word_1_53' title='bbox 1121 1245 1478 1328; x_wconf 41' lang='grc'>31174211)</span> <span class='ocrx_word' id='word_1_54' title='bbox 1527 1201 1764 1305; x_wconf 83' lang='lat' dir='ltr'>Cereris</span> <span class='ocrx_word' id='word_1_55' title='bbox 1812 1241 2177 1306; x_wconf 85' lang='lat' dir='ltr'>Eleusiniae</span> 
     </span>
     <span class='ocr_line' id='line_1_9' title="bbox 543 1335 2541 1438; baseline -0.003 -20.808"><span class='ocrx_word' id='word_1_56' title='bbox 543 1393 640 1418; x_wconf 58' lang='lat' dir='ltr'>o</span> <span class='ocrx_word' id='word_1_57' title='bbox 684 1357 694 1438; x_wconf 91' lang='grc' dir='ltr'>Ι</span> <span class='ocrx_word' id='word_1_58' title='bbox 735 1377 873 1416; x_wconf 58' lang='lat' dir='ltr'>cco</span> <span class='ocrx_word' id='word_1_59' title='bbox 913 1352 1003 1434; x_wconf 72' lang='grc' dir='ltr'>Ιυ</span> <span class='ocrx_word' id='word_1_60' title='bbox 1017 1349 1055 1436; x_wconf 90' lang='grc' dir='ltr'>Ι</span> <span class='ocrx_word' id='word_1_61' title='bbox 1094 1388 1311 1413; x_wconf 54' lang='lat' dir='ltr'>--uu</span> <span class='ocrx_word' id='word_1_62' title='bbox 1365 1349 1627 1433; x_wconf 67' lang='lat'>116(14)</span> <span class='ocrx_word' id='word_1_63' title='bbox 1675 1348 1808 1430; x_wconf 89' lang='lat' dir='ltr'>ipse</span> <span class='ocrx_word' id='word_1_64' title='bbox 1857 1349 2063 1412; x_wconf 90' lang='lat' dir='ltr'>socius</span> <span class='ocrx_word' id='word_1_65' title='bbox 2106 1349 2178 1412; x_wconf 87' lang='lat' dir='ltr'>in</span> <span class='ocrx_word' id='word_1_66' title='bbox 2224 1335 2541 1412; x_wconf 85' lang='lat' dir='ltr'>erroribus</span> 
     </span>
     <span class='ocr_line' id='line_1_10' title="bbox 536 1455 2940 1550; baseline -0.002 -26"><span class='ocrx_word' id='word_1_67' title='bbox 536 1517 580 1524; x_wconf 81' lang='grc'>-</span> <span class='ocrx_word' id='word_1_68' title='bbox 617 1456 678 1550; x_wconf 99' lang='grc' dir='ltr'>Ι</span> <span class='ocrx_word' id='word_1_69' title='bbox 668 1516 710 1523; x_wconf 77' lang='lat'><em>-</em></span> <span class='ocrx_word' id='word_1_70' title='bbox 747 1459 760 1548; x_wconf 97' lang='grc' dir='ltr'>Ι</span> <span class='ocrx_word' id='word_1_71' title='bbox 802 1499 838 1523; x_wconf 62' lang='grc' dir='ltr'><strong><em>υ</em></strong></span> <span class='ocrx_word' id='word_1_72' title='bbox 880 1459 890 1549; x_wconf 99' lang='grc' dir='ltr'>Ι</span> <span class='ocrx_word' id='word_1_73' title='bbox 933 1497 1031 1521; x_wconf 64' lang='grc' dir='ltr'>υ-</span> <span class='ocrx_word' id='word_1_74' title='bbox 1070 1460 1079 1544; x_wconf 95' lang='grc' dir='ltr'>Ι</span> <span class='ocrx_word' id='word_1_75' title='bbox 1118 1495 1280 1520; x_wconf 58' lang='lat' dir='ltr'>„uu</span> <span class='ocrx_word' id='word_1_76' title='bbox 1333 1456 1681 1540; x_wconf 72' lang='lat'>1822(142)</span> <span class='ocrx_word' id='word_1_77' title='bbox 1729 1476 1915 1538; x_wconf 89' lang='lat' dir='ltr'>parce</span> <span class='ocrx_word' id='word_1_78' title='bbox 1962 1455 2225 1539; x_wconf 90' lang='lat' dir='ltr'>inquam</span> <span class='ocrx_word' id='word_1_79' title='bbox 2270 1456 2340 1518; x_wconf 93' lang='lat' dir='ltr'>in</span> <span class='ocrx_word' id='word_1_80' title='bbox 2388 1477 2531 1520; x_wconf 90' lang='lat' dir='ltr'>eum</span> <span class='ocrx_word' id='word_1_81' title='bbox 2576 1455 2940 1540; x_wconf 80' lang='lat' dir='ltr'>plaudere1)</span> 
     </span>
     <span class='ocr_line' id='line_1_11' title="bbox 542 1561 3164 1655; baseline -0.002 -25"><span class='ocrx_word' id='word_1_82' title='bbox 542 1606 577 1630; x_wconf 64' lang='grc' dir='ltr'><strong><em>υ</em></strong></span> <span class='ocrx_word' id='word_1_83' title='bbox 622 1571 631 1655; x_wconf 98' lang='grc' dir='ltr'>Ι</span> <span class='ocrx_word' id='word_1_84' title='bbox 670 1619 713 1629; x_wconf 70' lang='grc'><strong>-</strong></span> <span class='ocrx_word' id='word_1_85' title='bbox 753 1566 764 1652; x_wconf 97' lang='grc' dir='ltr'>Ι</span> <span class='ocrx_word' id='word_1_86' title='bbox 799 1589 1019 1629; x_wconf 57' lang='lat' dir='ltr'>..coc</span> <span class='ocrx_word' id='word_1_87' title='bbox 1063 1563 1072 1651; x_wconf 97' lang='grc' dir='ltr'>Ι</span> <span class='ocrx_word' id='word_1_88' title='bbox 1114 1603 1152 1626; x_wconf 71' lang='grc' dir='ltr'><strong>υ</strong></span> <span class='ocrx_word' id='word_1_89' title='bbox 1193 1562 1204 1651; x_wconf 98' lang='grc' dir='ltr'>Ι</span> <span class='ocrx_word' id='word_1_90' title='bbox 1241 1617 1283 1626; x_wconf 87' lang='grc'><strong>..</strong></span> <span class='ocrx_word' id='word_1_91' title='bbox 1325 1566 1334 1648; x_wconf 92' lang='grc' dir='ltr'>Ι</span> <span class='ocrx_word' id='word_1_92' title='bbox 1371 1599 1532 1625; x_wconf 64' lang='lat' dir='ltr'>„uu</span> <span class='ocrx_word' id='word_1_93' title='bbox 1580 1563 1936 1646; x_wconf 36' lang='grc'>6414404)</span> <span class='ocrx_word' id='word_1_94' title='bbox 1984 1562 2151 1647; x_wconf 90' lang='lat' dir='ltr'>quod</span> <span class='ocrx_word' id='word_1_95' title='bbox 2198 1561 2302 1627; x_wconf 88' lang='lat' dir='ltr'>hic</span> <span class='ocrx_word' id='word_1_96' title='bbox 2349 1562 2680 1626; x_wconf 73' lang='lat' dir='ltr'><strong>crediderit</strong></span> <span class='ocrx_word' id='word_1_97' title='bbox 2710 1566 2773 1626; x_wconf 87' lang='lat' dir='ltr'>et</span> <span class='ocrx_word' id='word_1_98' title='bbox 2807 1562 2908 1626; x_wconf 89' lang='lat' dir='ltr'>hic</span> <span class='ocrx_word' id='word_1_99' title='bbox 2940 1564 3164 1628; x_wconf 89' lang='lat' dir='ltr'>vicerit</span> 
     </span>
    </p>
   </div>
   <div class='ocr_carea' id='block_1_5' title="bbox 541 1685 3166 1986">
    <p class='ocr_par' dir='ltr' id='par_1_5' title="bbox 541 1685 3166 1986">
     <span class='ocr_line' id='line_1_12' title="bbox 757 1685 3155 1776; baseline -0 -24"><span class='ocrx_word' id='word_1_100' title='bbox 757 1688 852 1752; x_wconf 85' lang='lat' dir='ltr'>Ne</span> <span class='ocrx_word' id='word_1_101' title='bbox 875 1711 1020 1753; x_wconf 88' lang='lat' dir='ltr'>vero</span> <span class='ocrx_word' id='word_1_102' title='bbox 1053 1686 1406 1752; x_wconf 86' lang='lat' dir='ltr'>confundas</span> <span class='ocrx_word' id='word_1_103' title='bbox 1424 1686 1591 1750; x_wconf 87' lang='lat' dir='ltr'>hanc</span> <span class='ocrx_word' id='word_1_104' title='bbox 1611 1685 1927 1750; x_wconf 82' lang='lat' dir='ltr'>clausulae</span> <span class='ocrx_word' id='word_1_105' title='bbox 1952 1686 2221 1751; x_wconf 89' lang='lat' dir='ltr'>formam</span> <span class='ocrx_word' id='word_1_106' title='bbox 2244 1707 2386 1750; x_wconf 89' lang='lat' dir='ltr'>cum</span> <span class='ocrx_word' id='word_1_107' title='bbox 2405 1686 2609 1751; x_wconf 83' lang='lat' dir='ltr'>forma</span> <span class='ocrx_word' id='word_1_108' title='bbox 2629 1695 2669 1756; x_wconf 90' lang='grc'>2</span> <span class='ocrx_word' id='word_1_109' title='bbox 2684 1695 2706 1732; x_wconf 77' lang='lat'>²</span> <span class='ocrx_word' id='word_1_110' title='bbox 2728 1689 2833 1773; x_wconf 59' lang='lat' dir='ltr'>(co</span> <span class='ocrx_word' id='word_1_111' title='bbox 2857 1727 2893 1750; x_wconf 69' lang='grc' dir='ltr'><strong>υ</strong></span> <span class='ocrx_word' id='word_1_112' title='bbox 2915 1722 2940 1754; x_wconf 87' lang='lat'>.·.</span> <span class='ocrx_word' id='word_1_113' title='bbox 2958 1721 2982 1753; x_wconf 68' lang='grc' dir='ltr'>,ν</span> <span class='ocrx_word' id='word_1_114' title='bbox 3005 1727 3042 1750; x_wconf 67' lang='grc' dir='ltr'><strong>υ</strong></span> <span class='ocrx_word' id='word_1_115' title='bbox 3066 1689 3127 1776; x_wconf 52' lang='lat'>2)</span> <span class='ocrx_word' id='word_1_116' title='bbox 3141 1738 3155 1766; x_wconf 88' lang='lat'>,</span> 
     </span>
     <span class='ocr_line' id='line_1_13' title="bbox 544 1779 3166 1881; baseline -0.001 -21"><span class='ocrx_word' id='word_1_117' title='bbox 544 1779 811 1881; x_wconf 86' lang='lat' dir='ltr'>impedit</span> <span class='ocrx_word' id='word_1_118' title='bbox 854 1794 1190 1859; x_wconf 85' lang='lat' dir='ltr'>verborum</span> <span class='ocrx_word' id='word_1_119' title='bbox 1235 1797 1550 1870; x_wconf 90' lang='lat' dir='ltr'>accentus,</span> <span class='ocrx_word' id='word_1_120' title='bbox 1599 1792 1709 1876; x_wconf 95' lang='lat' dir='ltr'>qui</span> <span class='ocrx_word' id='word_1_121' title='bbox 1755 1793 1825 1855; x_wconf 90' lang='lat' dir='ltr'>in</span> <span class='ocrx_word' id='word_1_122' title='bbox 1871 1793 2051 1856; x_wconf 90' lang='lat' dir='ltr'>nulla</span> <span class='ocrx_word' id='word_1_123' title='bbox 2082 1792 2312 1857; x_wconf 89' lang='lat' dir='ltr'>harum</span> <span class='ocrx_word' id='word_1_124' title='bbox 2343 1794 2767 1858; x_wconf 83' lang='lat' dir='ltr'>clausularum</span> <span class='ocrx_word' id='word_1_125' title='bbox 2798 1797 2855 1858; x_wconf 89' lang='lat' dir='ltr'>ei</span> <span class='ocrx_word' id='word_1_126' title='bbox 2886 1795 3166 1878; x_wconf 84' lang='lat' dir='ltr'>syllabae</span> 
     </span>
     <span class='ocr_line' id='line_1_14' title="bbox 541 1899 2221 1986; baseline -0.001 -19"><span class='ocrx_word' id='word_1_127' title='bbox 541 1903 718 1967; x_wconf 89' lang='lat' dir='ltr'>brevi</span> <span class='ocrx_word' id='word_1_128' title='bbox 765 1902 1044 1978; x_wconf 87' lang='lat' dir='ltr'>obvenit,</span> <span class='ocrx_word' id='word_1_129' title='bbox 1092 1921 1254 1983; x_wconf 88' lang='lat' dir='ltr'>quae</span> <span class='ocrx_word' id='word_1_130' title='bbox 1299 1900 1430 1964; x_wconf 90' lang='lat' dir='ltr'>ictu</span> <span class='ocrx_word' id='word_1_131' title='bbox 1478 1900 1760 1986; x_wconf 28' lang='lat' dir='ltr'>metrico·</span> <span class='ocrx_word' id='word_1_132' title='bbox 1789 1903 1885 1964; x_wconf 91' lang='lat' dir='ltr'>est</span> <span class='ocrx_word' id='word_1_133' title='bbox 1929 1899 2221 1985; x_wconf 80' lang='lat' dir='ltr'>insignis,</span> 
     </span>
    </p>
   </div>
   <div class='ocr_carea' id='block_1_6' title="bbox 543 2094 3171 3473">
    <p class='ocr_par' dir='ltr' id='par_1_6' title="bbox 544 2094 3168 2398">
     <span class='ocr_line' id='line_1_15' title="bbox 756 2094 3168 2183; baseline -0.001 -21"><span class='ocrx_word' id='word_1_134' title='bbox 756 2099 810 2162; x_wconf 91' lang='lat' dir='ltr'>V</span> <span class='ocrx_word' id='word_1_135' title='bbox 827 2098 896 2183; x_wconf 84' lang='lat' dir='ltr'>b)</span> <span class='ocrx_word' id='word_1_136' title='bbox 952 2096 1183 2162; x_wconf 90' lang='lat' dir='ltr'>Decem</span> <span class='ocrx_word' id='word_1_137' title='bbox 1228 2096 1381 2160; x_wconf 88' lang='lat' dir='ltr'>locis</span> <span class='ocrx_word' id='word_1_138' title='bbox 1427 2095 1578 2159; x_wconf 86' lang='lat' dir='ltr'><strong>libri</strong></span> <span class='ocrx_word' id='word_1_139' title='bbox 1623 2094 1887 2158; x_wconf 87' lang='lat' dir='ltr'><strong>Minucii</strong></span> <span class='ocrx_word' id='word_1_140' title='bbox 1934 2095 2219 2180; x_wconf 86' lang='lat' dir='ltr'>singulas</span> <span class='ocrx_word' id='word_1_141' title='bbox 2266 2095 2581 2160; x_wconf 88' lang='lat' dir='ltr'>clausulae</span> <span class='ocrx_word' id='word_1_142' title='bbox 2627 2095 2868 2161; x_wconf 88' lang='lat' dir='ltr'>formas</span> <span class='ocrx_word' id='word_1_143' title='bbox 2900 2099 3168 2162; x_wconf 86' lang='lat' dir='ltr'>usitatas</span> 
     </span>
     <span class='ocr_line' id='line_1_16' title="bbox 544 2200 3167 2288; baseline -0.001 -18"><span class='ocrx_word' id='word_1_144' title='bbox 544 2211 842 2270; x_wconf 90' lang='lat' dir='ltr'>secuntur</span> <span class='ocrx_word' id='word_1_145' title='bbox 886 2203 1133 2286; x_wconf 87' lang='lat' dir='ltr'>singula</span> <span class='ocrx_word' id='word_1_146' title='bbox 1179 2201 1302 2287; x_wconf 88' lang='lat' dir='ltr'>(vel</span> <span class='ocrx_word' id='word_1_147' title='bbox 1349 2201 1526 2286; x_wconf 86' lang='lat' dir='ltr'>bina)</span> <span class='ocrx_word' id='word_1_148' title='bbox 1574 2200 1781 2283; x_wconf 81' lang='lat' dir='ltr'>verba,</span> <span class='ocrx_word' id='word_1_149' title='bbox 1830 2200 2061 2284; x_wconf 88' lang='lat' dir='ltr'>quibus</span> <span class='ocrx_word' id='word_1_150' title='bbox 2108 2201 2395 2265; x_wconf 85' lang='lat' dir='ltr'>efficitur·</span> <span class='ocrx_word' id='word_1_151' title='bbox 2426 2205 2965 2288; x_wconf 74' lang='lat' dir='ltr'>antispastus,</span> <span class='ocrx_word' id='word_1_152' title='bbox 3029 2202 3167 2281; x_wconf 83' lang='lat' dir='ltr'>Quo</span> 
     </span>
     <span class='ocr_line' id='line_1_17' title="bbox 544 2307 3165 2411; baseline -0 -35"><span class='ocrx_word' id='word_1_153' title='bbox 544 2312 703 2398; x_wconf 92' lang='lat' dir='ltr'>pede</span> <span class='ocrx_word' id='word_1_154' title='bbox 747 2315 1088 2396; x_wconf 72' lang='lat' dir='ltr'>postquam</span> <span class='ocrx_word' id='word_1_155' title='bbox 1132 2310 1205 2374; x_wconf 89' lang='lat' dir='ltr'>A.</span> <span class='ocrx_word' id='word_1_156' title='bbox 1260 2307 1701 2390; x_wconf 74' lang='lat' dir='ltr'>Engelbrecht‚</span> <span class='ocrx_word' id='word_1_157' title='bbox 1761 2310 1870 2392; x_wconf 90' lang='lat' dir='ltr'>qui</span> <span class='ocrx_word' id='word_1_158' title='bbox 1919 2309 2305 2411; x_wconf 79' lang='lat' dir='ltr'>(Zeitschrifb</span> <span class='ocrx_word' id='word_1_159' title='bbox 2348 2310 2453 2374; x_wconf 80' lang='lat' dir='ltr'>fiir</span> <span class='ocrx_word' id='word_1_160' title='bbox 2499 2310 2599 2374; x_wconf 84' lang='lat' dir='ltr'>die</span> <span class='ocrx_word' id='word_1_161' title='bbox 2646 2315 2867 2376; x_wconf 67' lang='lat' dir='ltr'>osterr.</span> <span class='ocrx_word' id='word_1_162' title='bbox 2916 2309 3165 2396; x_wconf 60' lang='lat' dir='ltr'>Gymn„</span> 
     </span>
    </p>

    <p class='ocr_par' dir='ltr' id='par_1_7' title="bbox 543 2404 3171 3473">
     <span class='ocr_line' id='line_1_18' title="bbox 548 2404 3165 2514; baseline -0.003 -23.871"><span class='ocrx_word' id='word_1_163' title='bbox 548 2425 718 2490; x_wconf 77' lang='lat'>1902</span> <span class='ocrx_word' id='word_1_164' title='bbox 764 2441 824 2502; x_wconf 97' lang='grc' dir='ltr'>Ρ.</span> <span class='ocrx_word' id='word_1_165' title='bbox 877 2426 907 2486; x_wconf 92' lang='grc'>1</span> <span class='ocrx_word' id='word_1_166' title='bbox 947 2420 1108 2502; x_wconf 89' lang='lat' dir='ltr'>sqq.)</span> <span class='ocrx_word' id='word_1_167' title='bbox 1175 2415 1394 2480; x_wconf 86' lang='lat' dir='ltr'>subtili</span> <span class='ocrx_word' id='word_1_168' title='bbox 1443 2421 1722 2498; x_wconf 83' lang='lat' dir='ltr'>sanoque</span> <span class='ocrx_word' id='word_1_169' title='bbox 1769 2414 1999 2479; x_wconf 87' lang='lat' dir='ltr'>iudicio</span> <span class='ocrx_word' id='word_1_170' title='bbox 2047 2404 2122 2480; x_wconf 92' lang='lat' dir='ltr'>de</span> <span class='ocrx_word' id='word_1_171' title='bbox 2167 2415 2401 2514; x_wconf 87' lang='lat' dir='ltr'>talibus</span> <span class='ocrx_word' id='word_1_172' title='bbox 2447 2417 2923 2501; x_wconf 79' lang='lat' dir='ltr'>quaestionibus</span> <span class='ocrx_word' id='word_1_173' title='bbox 2970 2419 3165 2482; x_wconf 89' lang='lat' dir='ltr'>disse-</span> 
     </span>
     <span class='ocr_line' id='line_1_19' title="bbox 543 2513 3141 2609; baseline 0 -18"><span class='ocrx_word' id='word_1_174' title='bbox 543 2527 689 2602; x_wconf 86' lang='lat' dir='ltr'>ruit,</span> <span class='ocrx_word' id='word_1_175' title='bbox 765 2548 822 2609; x_wconf 94' lang='lat' dir='ltr'>p.</span> <span class='ocrx_word' id='word_1_176' title='bbox 870 2531 910 2592; x_wconf 82' lang='lat'>9</span> <span class='ocrx_word' id='word_1_177' title='bbox 975 2546 1065 2607; x_wconf 89' lang='lat' dir='ltr'>sq.</span> <span class='ocrx_word' id='word_1_178' title='bbox 1127 2524 1457 2588; x_wconf 84' lang='lat' dir='ltr'>ostendere</span> <span class='ocrx_word' id='word_1_179' title='bbox 1518 2528 1782 2588; x_wconf 89' lang='lat' dir='ltr'>conatus</span> <span class='ocrx_word' id='word_1_180' title='bbox 1844 2527 1939 2587; x_wconf 89' lang='lat' dir='ltr'>est</span> <span class='ocrx_word' id='word_1_181' title='bbox 1986 2523 2234 2608; x_wconf 84' lang='lat' dir='ltr'>saepius</span> <span class='ocrx_word' id='word_1_182' title='bbox 2296 2513 2644 2589; x_wconf 88' lang='lat' dir='ltr'>clausulam</span> <span class='ocrx_word' id='word_1_183' title='bbox 2691 2526 3023 2601; x_wconf 82' lang='lat' dir='ltr'><strong>contineri,</strong></span> <span class='ocrx_word' id='word_1_184' title='bbox 3085 2527 3141 2591; x_wconf 82' lang='lat' dir='ltr'>R</span> 
     </span>
     <span class='ocr_line' id='line_1_20' title="bbox 543 2627 3160 2719; baseline 0 -22"><span class='ocrx_word' id='word_1_185' title='bbox 543 2633 759 2697; x_wconf 86' lang='lat' dir='ltr'>Kauer</span> <span class='ocrx_word' id='word_1_186' title='bbox 803 2632 1061 2718; x_wconf 87' lang='lat' dir='ltr'>longius</span> <span class='ocrx_word' id='word_1_187' title='bbox 1106 2653 1476 2717; x_wconf 83' lang='lat' dir='ltr'>progressus</span> <span class='ocrx_word' id='word_1_188' title='bbox 1525 2631 1678 2695; x_wconf 77' lang='lat' dir='ltr'>haec</span> <span class='ocrx_word' id='word_1_189' title='bbox 1725 2631 1815 2695; x_wconf 86' lang='lat' dir='ltr'>ait</span> <span class='ocrx_word' id='word_1_190' title='bbox 1862 2627 2155 2716; x_wconf 85' lang='lat' dir='ltr'>(Studien</span> <span class='ocrx_word' id='word_1_191' title='bbox 2202 2650 2281 2695; x_wconf 88' lang='lat' dir='ltr'>zu</span> <span class='ocrx_word' id='word_1_192' title='bbox 2328 2630 2659 2705; x_wconf 91' lang='lat' dir='ltr'>Pacianus</span> <span class='ocrx_word' id='word_1_193' title='bbox 2721 2656 2780 2717; x_wconf 92' lang='lat' dir='ltr'>p.</span> <span class='ocrx_word' id='word_1_194' title='bbox 2815 2637 2959 2719; x_wconf 81' lang='grc'>21);</span> <span class='ocrx_word' id='word_1_195' title='bbox 3048 2633 3160 2713; x_wconf 83' lang='lat' dir='ltr'>„In</span> 
     </span>
     <span class='ocr_line' id='line_1_21' title="bbox 544 2732 3169 2827; baseline 0 -23"><span class='ocrx_word' id='word_1_196' title='bbox 544 2740 932 2825; x_wconf 68' lang='lat' dir='ltr'>Erganzung</span> <span class='ocrx_word' id='word_1_197' title='bbox 979 2761 1056 2802; x_wconf 91' lang='lat' dir='ltr'>zu</span> <span class='ocrx_word' id='word_1_198' title='bbox 1103 2738 1226 2803; x_wconf 92' lang='lat' dir='ltr'>den</span> <span class='ocrx_word' id='word_1_199' title='bbox 1273 2738 1778 2822; x_wconf 81' lang='lat' dir='ltr'>Ausfiihrungen</span> <span class='ocrx_word' id='word_1_200' title='bbox 1824 2737 2053 2801; x_wconf 88' lang='lat' dir='ltr'>Wolffs</span> <span class='ocrx_word' id='word_1_201' title='bbox 2101 2739 2215 2802; x_wconf 88' lang='lat' dir='ltr'>hat</span> <span class='ocrx_word' id='word_1_202' title='bbox 2259 2732 2688 2824; x_wconf 83' lang='lat' dir='ltr'>Engelbrecht</span> <span class='ocrx_word' id='word_1_203' title='bbox 2734 2745 2816 2827; x_wconf 89' lang='lat' dir='ltr'>(a.</span> <span class='ocrx_word' id='word_1_204' title='bbox 2866 2740 2937 2811; x_wconf 88' lang='grc' dir='ltr'>Ο,</span> <span class='ocrx_word' id='word_1_205' title='bbox 2986 2748 3025 2812; x_wconf 89' lang='grc'>8</span> <span class='ocrx_word' id='word_1_206' title='bbox 3072 2742 3169 2826; x_wconf 85' lang='lat' dir='ltr'>ff.)</span> 
     </span>
     <span class='ocr_line' id='line_1_22' title="bbox 547 2844 3171 2933; baseline 0.001 -24"><span class='ocrx_word' id='word_1_207' title='bbox 547 2845 988 2933; x_wconf 80' lang='lat' dir='ltr'>iiberzeugend</span> <span class='ocrx_word' id='word_1_208' title='bbox 1053 2845 1152 2909; x_wconf 91' lang='lat' dir='ltr'>die</span> <span class='ocrx_word' id='word_1_209' title='bbox 1210 2844 1509 2911; x_wconf 84' lang='lat' dir='ltr'>Ex&#39;istenz</span> <span class='ocrx_word' id='word_1_210' title='bbox 1569 2846 1678 2909; x_wconf 88' lang='lat' dir='ltr'>der</span> <span class='ocrx_word' id='word_1_211' title='bbox 1737 2844 2003 2909; x_wconf 87' lang='lat' dir='ltr'>Klausel</span> <span class='ocrx_word' id='word_1_212' title='bbox 2077 2884 2175 2909; x_wconf 65' lang='grc' dir='ltr'>υ-</span> <span class='ocrx_word' id='word_1_213' title='bbox 2194 2902 2235 2909; x_wconf 86' lang='grc'>-</span> <span class='ocrx_word' id='word_1_214' title='bbox 2256 2881 2293 2909; x_wconf 57' lang='lat'><em>2</em></span> <span class='ocrx_word' id='word_1_215' title='bbox 2372 2846 2868 2933; x_wconf 87' lang='lat' dir='ltr'>nachgewiesen.</span> <span class='ocrx_word' id='word_1_216' title='bbox 2978 2847 3171 2912; x_wconf 89' lang='lat' dir='ltr'>Diese</span> 
     </span>
     <span class='ocr_line' id='line_1_23' title="bbox 549 2950 3165 3039; baseline 0.001 -24"><span class='ocrx_word' id='word_1_217' title='bbox 549 2952 808 3017; x_wconf 89' lang='lat' dir='ltr'>Klausel</span> <span class='ocrx_word' id='word_1_218' title='bbox 859 2952 1058 3016; x_wconf 90' lang='lat' dir='ltr'>findet</span> <span class='ocrx_word' id='word_1_219' title='bbox 1116 2951 1249 3033; x_wconf 86' lang='lat' dir='ltr'>sich</span> <span class='ocrx_word' id='word_1_220' title='bbox 1297 2953 1456 3016; x_wconf 90' lang='lat' dir='ltr'>auch</span> <span class='ocrx_word' id='word_1_221' title='bbox 1506 2950 1608 3015; x_wconf 88' lang='lat' dir='ltr'>bei</span> <span class='ocrx_word' id='word_1_222' title='bbox 1655 2951 1965 3015; x_wconf 87' lang='lat' dir='ltr'>Pacianus</span> <span class='ocrx_word' id='word_1_223' title='bbox 2011 2952 2300 3016; x_wconf 87' lang='lat' dir='ltr'>ziemlich</span> <span class='ocrx_word' id='word_1_224' title='bbox 2346 2953 2642 3039; x_wconf 42' lang='lat' dir='ltr'>hafflig&amp;</span> <span class='ocrx_word' id='word_1_225' title='bbox 2690 2977 2750 3037; x_wconf 88' lang='lat' dir='ltr'>p.</span> <span class='ocrx_word' id='word_1_226' title='bbox 2801 2961 2917 3023; x_wconf 82' lang='grc'>22;</span> <span class='ocrx_word' id='word_1_227' title='bbox 2986 2954 3165 3035; x_wconf 87' lang='lat' dir='ltr'>„Wie</span> 
     </span>
     <span class='ocr_line' id='line_1_24' title="bbox 549 3054 3161 3145; baseline 0 -22"><span class='ocrx_word' id='word_1_228' title='bbox 549 3060 657 3123; x_wconf 87' lang='lat' dir='ltr'>der</span> <span class='ocrx_word' id='word_1_229' title='bbox 701 3058 1034 3143; x_wconf 89' lang='lat' dir='ltr'>Antispast</span> <span class='ocrx_word' id='word_1_230' title='bbox 1057 3054 1179 3137; x_wconf 20' lang='lat' dir='ltr'>,fiir</span> <span class='ocrx_word' id='word_1_231' title='bbox 1225 3057 1325 3121; x_wconf 90' lang='lat' dir='ltr'>die</span> <span class='ocrx_word' id='word_1_232' title='bbox 1371 3057 1762 3123; x_wconf 83' lang='lat' dir='ltr'>Grundform</span> <span class='ocrx_word' id='word_1_233' title='bbox 1809 3058 1921 3122; x_wconf 88' lang='lat' dir='ltr'>Nr.</span> <span class='ocrx_word' id='word_1_234' title='bbox 1960 3065 1993 3127; x_wconf 90' lang='lat'>1</span> <span class='ocrx_word' id='word_1_235' title='bbox 2045 3062 2289 3145; x_wconf 73' lang='grc' dir='ltr'><strong>(-υ-..</strong></span> <span class='ocrx_word' id='word_1_236' title='bbox 2310 3094 2346 3123; x_wconf 55' lang='lat'><strong>2</strong></span> <span class='ocrx_word' id='word_1_237' title='bbox 2392 3109 2407 3137; x_wconf 91' lang='lat'>‚</span> <span class='ocrx_word' id='word_1_238' title='bbox 2455 3081 2523 3123; x_wconf 92' lang='lat' dir='ltr'>so</span> <span class='ocrx_word' id='word_1_239' title='bbox 2571 3060 2743 3125; x_wconf 91' lang='lat' dir='ltr'>stellt</span> <span class='ocrx_word' id='word_1_240' title='bbox 2789 3060 2897 3124; x_wconf 92' lang='lat' dir='ltr'>der</span> <span class='ocrx_word' id='word_1_241' title='bbox 2944 3060 3161 3124; x_wconf 90' lang='lat' dir='ltr'>Doch-</span> 
     </span>
     <span class='ocr_line' id='line_1_25' title="bbox 547 3153 3159 3251; baseline 0.001 -22"><span class='ocrx_word' id='word_1_242' title='bbox 547 3167 710 3230; x_wconf 92' lang='lat' dir='ltr'>mius</span> <span class='ocrx_word' id='word_1_243' title='bbox 758 3162 857 3230; x_wconf 91' lang='lat' dir='ltr'>die</span> <span class='ocrx_word' id='word_1_244' title='bbox 904 3164 1297 3229; x_wconf 91' lang='lat' dir='ltr'>Nebenform</span> <span class='ocrx_word' id='word_1_245' title='bbox 1343 3164 1446 3228; x_wconf 85' lang='lat' dir='ltr'>fiir</span> <span class='ocrx_word' id='word_1_246' title='bbox 1477 3162 1588 3232; x_wconf 71' lang='grc' dir='ltr'><strong>ΝΥ.</strong></span> <span class='ocrx_word' id='word_1_247' title='bbox 1623 3172 1662 3233; x_wconf 88' lang='grc'>2</span> <span class='ocrx_word' id='word_1_248' title='bbox 1711 3163 1825 3229; x_wconf 88' lang='lat' dir='ltr'>dar</span> <span class='ocrx_word' id='word_1_249' title='bbox 1871 3168 2282 3251; x_wconf 31' lang='lat' dir='ltr'>(dannez),</span> <span class='ocrx_word' id='word_1_250' title='bbox 2328 3166 2541 3230; x_wconf 91' lang='lat' dir='ltr'>indem</span> <span class='ocrx_word' id='word_1_251' title='bbox 2591 3189 2657 3229; x_wconf 89' lang='lat' dir='ltr'>er</span> <span class='ocrx_word' id='word_1_252' title='bbox 2703 3153 3011 3231; x_wconf 86' lang='lat' dir='ltr'>ebenfalls</span> <span class='ocrx_word' id='word_1_253' title='bbox 3060 3165 3159 3231; x_wconf 90' lang='lat' dir='ltr'>die</span> 
     </span>
     <span class='ocr_line' id='line_1_26' title="bbox 549 3268 3167 3355; baseline 0 -18"><span class='ocrx_word' id='word_1_254' title='bbox 549 3270 1183 3337; x_wconf 86' lang='lat' dir='ltr'>charakteristischen</span> <span class='ocrx_word' id='word_1_255' title='bbox 1244 3268 1726 3355; x_wconf 83' lang='lat' dir='ltr'>rhythmischen</span> <span class='ocrx_word' id='word_1_256' title='bbox 1784 3272 2132 3354; x_wconf 86' lang='lat' dir='ltr'>Elemente,</span> <span class='ocrx_word' id='word_1_257' title='bbox 2213 3271 2327 3336; x_wconf 87' lang='lat' dir='ltr'>das</span> <span class='ocrx_word' id='word_1_258' title='bbox 2387 3273 2991 3340; x_wconf 84' lang='lat' dir='ltr'>Znsammenstossen</span> <span class='ocrx_word' id='word_1_259' title='bbox 3052 3273 3167 3338; x_wconf 89' lang='lat' dir='ltr'>der</span> 
     </span>
     <span class='ocr_line' id='line_1_27' title="bbox 545 3373 3165 3473; baseline 0 -29"><span class='ocrx_word' id='word_1_260' title='bbox 545 3378 1018 3464; x_wconf 87' lang='lat' dir='ltr'>tontragenden</span> <span class='ocrx_word' id='word_1_261' title='bbox 1051 3373 1408 3464; x_wconf 79' lang='lat' dir='ltr'>Hebungen</span> <span class='ocrx_word' id='word_1_262' title='bbox 1440 3376 1573 3441; x_wconf 91' lang='lat' dir='ltr'>und</span> <span class='ocrx_word' id='word_1_263' title='bbox 1606 3376 1728 3441; x_wconf 90' lang='lat' dir='ltr'>den</span> <span class='ocrx_word' id='word_1_264' title='bbox 1759 3377 2121 3442; x_wconf 86' lang='lat' dir='ltr'>kretischen</span> <span class='ocrx_word' id='word_1_265' title='bbox 2142 3379 2394 3473; x_wconf 77' lang='lat' dir='ltr'>Schluss,</span> <span class='ocrx_word' id='word_1_266' title='bbox 2414 3380 2559 3444; x_wconf 83' lang='lat' dir='ltr'>hat“</span> <span class='ocrx_word' id='word_1_267' title='bbox 2586 3402 2601 3451; x_wconf 74' lang='grc' dir='ltr'><strong>ς</strong></span> <span class='ocrx_word' id='word_1_268' title='bbox 2633 3402 2693 3464; x_wconf 91' lang='grc' dir='ltr'>Ρ.</span> <span class='ocrx_word' id='word_1_269' title='bbox 2716 3386 2828 3450; x_wconf 85' lang='lat'>34:</span> <span class='ocrx_word' id='word_1_270' title='bbox 2871 3381 3165 3463; x_wconf 80' lang='lat' dir='ltr'>„Konnte</span> 
     </span>
    </p>
   </div>
   <div class='ocr_carea' id='block_1_7' title="bbox 547 3482 3169 3786">
    <p class='ocr_par' dir='ltr' id='par_1_8' title="bbox 547 3482 3169 3786">
     <span class='ocr_line' id='line_1_28' title="bbox 547 3482 3169 3571; baseline 0 -21"><span class='ocrx_word' id='word_1_271' title='bbox 547 3485 765 3550; x_wconf 85' lang='lat' dir='ltr'>friiher</span> <span class='ocrx_word' id='word_1_272' title='bbox 810 3484 909 3549; x_wconf 91' lang='lat' dir='ltr'>die</span> <span class='ocrx_word' id='word_1_273' title='bbox 957 3482 1252 3549; x_wconf 84' lang='lat' dir='ltr'>Existenz</span> <span class='ocrx_word' id='word_1_274' title='bbox 1299 3506 1424 3548; x_wconf 83' lang='lat' dir='ltr'>von</span> <span class='ocrx_word' id='word_1_275' title='bbox 1471 3522 1629 3547; x_wconf 70' lang='grc' dir='ltr'>υ--</span> <span class='ocrx_word' id='word_1_276' title='bbox 1650 3518 1687 3547; x_wconf 54' lang='lat'><em>2</em></span> <span class='ocrx_word' id='word_1_277' title='bbox 1739 3491 1772 3553; x_wconf 91' lang='grc'>1</span> <span class='ocrx_word' id='word_1_278' title='bbox 1792 3485 1842 3549; x_wconf 84' lang='grc' dir='ltr'>Ε</span> <span class='ocrx_word' id='word_1_279' title='bbox 1890 3484 2022 3549; x_wconf 91' lang='lat' dir='ltr'>und</span> <span class='ocrx_word' id='word_1_280' title='bbox 2070 3519 2329 3549; x_wconf 52' lang='lat' dir='ltr'>ooooo</span> <span class='ocrx_word' id='word_1_281' title='bbox 2377 3494 2418 3555; x_wconf 89' lang='grc'>2</span> <span class='ocrx_word' id='word_1_282' title='bbox 2466 3486 2514 3551; x_wconf 84' lang='grc' dir='ltr'>Ε</span> <span class='ocrx_word' id='word_1_283' title='bbox 2562 3487 2654 3551; x_wconf 82' lang='lat' dir='ltr'>als</span> <span class='ocrx_word' id='word_1_284' title='bbox 2699 3488 3169 3571; x_wconf 70' lang='lat' dir='ltr'>selbstiindiger</span> 
     </span>
     <span class='ocr_line' id='line_1_29' title="bbox 547 3591 3165 3683; baseline 0.001 -27"><span class='ocrx_word' id='word_1_285' title='bbox 547 3592 810 3683; x_wconf 83' lang='lat' dir='ltr'>Klausel</span> <span class='ocrx_word' id='word_1_286' title='bbox 877 3592 1179 3656; x_wconf 87' lang='lat' dir='ltr'>erwiesen</span> <span class='ocrx_word' id='word_1_287' title='bbox 1242 3591 1508 3668; x_wconf 85' lang='lat' dir='ltr'>werden,</span> <span class='ocrx_word' id='word_1_288' title='bbox 1575 3612 1645 3655; x_wconf 93' lang='lat' dir='ltr'>so</span> <span class='ocrx_word' id='word_1_289' title='bbox 1710 3594 1859 3657; x_wconf 87' lang='lat' dir='ltr'>muss</span> <span class='ocrx_word' id='word_1_290' title='bbox 1926 3591 2337 3678; x_wconf 83' lang='lat' dir='ltr'>folgerichtig</span> <span class='ocrx_word' id='word_1_291' title='bbox 2396 3593 2558 3658; x_wconf 83' lang='lat' dir='ltr'>auch</span> <span class='ocrx_word' id='word_1_292' title='bbox 2618 3594 3004 3659; x_wconf 87' lang='lat' dir='ltr'>theoretisch</span> <span class='ocrx_word' id='word_1_293' title='bbox 3064 3594 3165 3658; x_wconf 87' lang='lat' dir='ltr'>die</span> 
     </span>
     <span class='ocr_line' id='line_1_30' title="bbox 548 3696 3169 3786; baseline 0 -23"><span class='ocrx_word' id='word_1_294' title='bbox 548 3698 963 3785; x_wconf 71' lang='lat' dir='ltr'>Moglichkeit</span> <span class='ocrx_word' id='word_1_295' title='bbox 1029 3697 1203 3761; x_wconf 90' lang='lat' dir='ltr'>einer</span> <span class='ocrx_word' id='word_1_296' title='bbox 1260 3698 1524 3762; x_wconf 87' lang='lat' dir='ltr'>Klausel</span> <span class='ocrx_word' id='word_1_297' title='bbox 1584 3696 1691 3767; x_wconf 83' lang='lat' dir='ltr'>3E</span> <span class='ocrx_word' id='word_1_298' title='bbox 1763 3724 1831 3751; x_wconf 67' lang='lat' dir='ltr'>cx&gt;</span> <span class='ocrx_word' id='word_1_299' title='bbox 1862 3731 1944 3765; x_wconf 54' lang='lat'>22</span> <span class='ocrx_word' id='word_1_300' title='bbox 1966 3732 2003 3761; x_wconf 47' lang='grc' dir='ltr'>Ξ</span> <span class='ocrx_word' id='word_1_301' title='bbox 2064 3698 2214 3762; x_wconf 90' lang='lat' dir='ltr'>oder</span> <span class='ocrx_word' id='word_1_302' title='bbox 2277 3699 2385 3767; x_wconf 84' lang='lat' dir='ltr'>4E</span> <span class='ocrx_word' id='word_1_303' title='bbox 2456 3726 2522 3753; x_wconf 72' lang='grc' dir='ltr'>ω</span> <span class='ocrx_word' id='word_1_304' title='bbox 2552 3733 2633 3766; x_wconf 56' lang='lat'>22</span> <span class='ocrx_word' id='word_1_305' title='bbox 2656 3738 2694 3763; x_wconf 70' lang='grc' dir='ltr'><strong><em>υ</em></strong></span> <span class='ocrx_word' id='word_1_306' title='bbox 2718 3734 2754 3763; x_wconf 54' lang='lat'>2</span> <span class='ocrx_word' id='word_1_307' title='bbox 2802 3701 3169 3786; x_wconf 84' lang='lat' dir='ltr'>zugegeben</span> 
     </span>
    </p>
   </div>
   <div class='ocr_carea' id='block_1_8' title="bbox 548 3803 3174 4319">
    <p class='ocr_par' dir='ltr' id='par_1_9' title="bbox 548 3803 3174 4319">
     <span class='ocr_line' id='line_1_31' title="bbox 553 3803 3174 3884; baseline -0 -15"><span class='ocrx_word' id='word_1_308' title='bbox 553 3806 825 3884; x_wconf 85' lang='lat' dir='ltr'>werden,</span> <span class='ocrx_word' id='word_1_309' title='bbox 872 3804 1198 3869; x_wconf 89' lang='lat' dir='ltr'>obwohl</span> <span class='ocrx_word' id='word_1_310' title='bbox 1244 3803 1376 3869; x_wconf 91' lang='lat' dir='ltr'>ich</span> <span class='ocrx_word' id='word_1_311' title='bbox 1423 3803 1657 3869; x_wconf 90' lang='lat' dir='ltr'>nicht</span> <span class='ocrx_word' id='word_1_312' title='bbox 1699 3804 1780 3868; x_wconf 90' lang='lat' dir='ltr'>in</span> <span class='ocrx_word' id='word_1_313' title='bbox 1827 3804 2144 3869; x_wconf 89' lang='lat' dir='ltr'>Abrede</span> <span class='ocrx_word' id='word_1_314' title='bbox 2190 3806 2469 3883; x_wconf 86' lang='lat' dir='ltr'>stelle,</span> <span class='ocrx_word' id='word_1_315' title='bbox 2529 3807 2676 3869; x_wconf 86' lang='lat' dir='ltr'>dass</span> <span class='ocrx_word' id='word_1_316' title='bbox 2724 3806 2856 3871; x_wconf 91' lang='lat' dir='ltr'>bei</span> <span class='ocrx_word' id='word_1_317' title='bbox 2916 3806 3023 3876; x_wconf 67' lang='lat'>31³}</span> <span class='ocrx_word' id='word_1_318' title='bbox 3070 3806 3174 3869; x_wconf 90' lang='lat' dir='ltr'>die</span> 
     </span>
     <span class='ocr_line' id='line_1_32' title="bbox 548 3910 3171 3999; baseline 0 -21"><span class='ocrx_word' id='word_1_319' title='bbox 548 3912 862 3978; x_wconf 90' lang='lat' dir='ltr'>Anzahl</span> <span class='ocrx_word' id='word_1_320' title='bbox 910 3912 1048 3975; x_wconf 92' lang='lat' dir='ltr'>der</span> <span class='ocrx_word' id='word_1_321' title='bbox 1094 3910 1610 3995; x_wconf 83' lang='lat' dir='ltr'>rhythmisch</span> <span class='ocrx_word' id='word_1_322' title='bbox 1662 3912 2145 3975; x_wconf 88' lang='lat' dir='ltr'>wirksamen</span> <span class='ocrx_word' id='word_1_323' title='bbox 2194 3910 2480 3977; x_wconf 86' lang='lat' dir='ltr'>Silben</span> <span class='ocrx_word' id='word_1_324' title='bbox 2526 3935 2608 3978; x_wconf 91' lang='lat' dir='ltr'>so</span> <span class='ocrx_word' id='word_1_325' title='bbox 2672 3915 2974 3999; x_wconf 71' lang='lat' dir='ltr'>geri-ng</span> <span class='ocrx_word' id='word_1_326' title='bbox 3031 3916 3171 3989; x_wconf 84' lang='lat' dir='ltr'>ist,</span> 
     </span>
     <span class='ocr_line' id='line_1_33' title="bbox 551 4017 3169 4084; baseline -0 0"><span class='ocrx_word' id='word_1_327' title='bbox 551 4021 696 4084; x_wconf 88' lang='lat' dir='ltr'>dass</span> <span class='ocrx_word' id='word_1_328' title='bbox 761 4021 876 4084; x_wconf 88' lang='lat' dir='ltr'>sie</span> <span class='ocrx_word' id='word_1_329' title='bbox 939 4022 1106 4082; x_wconf 82' lang='lat' dir='ltr'>fast</span> <span class='ocrx_word' id='word_1_330' title='bbox 1164 4017 1400 4082; x_wconf 90' lang='lat' dir='ltr'>nicht</span> <span class='ocrx_word' id='word_1_331' title='bbox 1459 4018 1677 4082; x_wconf 90' lang='lat' dir='ltr'>mehr</span> <span class='ocrx_word' id='word_1_332' title='bbox 1734 4018 2110 4083; x_wconf 84' lang='lat' dir='ltr'>bemerkt.</span> <span class='ocrx_word' id='word_1_333' title='bbox 2180 4018 2502 4083; x_wconf 87' lang='lat' dir='ltr'>werden</span> <span class='ocrx_word' id='word_1_334' title='bbox 2561 4021 2951 4084; x_wconf 71' lang='lat' dir='ltr'>konnen“.</span> <span class='ocrx_word' id='word_1_335' title='bbox 3046 4018 3169 4083; x_wconf 87' lang='lat' dir='ltr'>Sed</span> 
     </span>
     <span class='ocr_line' id='line_1_34' title="bbox 551 4124 3169 4211; baseline 0.001 -21"><span class='ocrx_word' id='word_1_336' title='bbox 551 4127 702 4211; x_wconf 91' lang='lat' dir='ltr'>quid</span> <span class='ocrx_word' id='word_1_337' title='bbox 751 4126 1024 4190; x_wconf 89' lang='lat' dir='ltr'>Romani</span> <span class='ocrx_word' id='word_1_338' title='bbox 1069 4124 1355 4189; x_wconf 88' lang='lat' dir='ltr'>rhetores</span> <span class='ocrx_word' id='word_1_339' title='bbox 1402 4125 1521 4209; x_wconf 90' lang='lat' dir='ltr'>ipsi</span> <span class='ocrx_word' id='word_1_340' title='bbox 1552 4124 1989 4209; x_wconf 84' lang='lat' dir='ltr'>praeceperint</span> <span class='ocrx_word' id='word_1_341' title='bbox 2020 4124 2097 4189; x_wconf 88' lang='lat' dir='ltr'>de</span> <span class='ocrx_word' id='word_1_342' title='bbox 2128 4148 2245 4190; x_wconf 87' lang='lat' dir='ltr'>usu</span> <span class='ocrx_word' id='word_1_343' title='bbox 2276 4126 2626 4211; x_wconf 83' lang='lat' dir='ltr'>antispasti,</span> <span class='ocrx_word' id='word_1_344' title='bbox 2661 4126 2975 4193; x_wconf 89' lang='lat' dir='ltr'>Henricus</span> <span class='ocrx_word' id='word_1_345' title='bbox 3006 4128 3169 4192; x_wconf 91' lang='lat' dir='ltr'>Bor-</span> 
     </span>
     <span class='ocr_line' id='line_1_35' title="bbox 549 4234 3171 4319; baseline 0 -22"><span class='ocrx_word' id='word_1_346' title='bbox 549 4255 790 4316; x_wconf 88' lang='lat' dir='ltr'>necque</span> <span class='ocrx_word' id='word_1_347' title='bbox 809 4234 1069 4319; x_wconf 86' lang='lat' dir='ltr'>docet2),</span> <span class='ocrx_word' id='word_1_348' title='bbox 1090 4234 1200 4318; x_wconf 91' lang='lat' dir='ltr'>qui</span> <span class='ocrx_word' id='word_1_349' title='bbox 1227 4234 1529 4313; x_wconf 85' lang='lat' dir='ltr'>„Omnes“</span> <span class='ocrx_word' id='word_1_350' title='bbox 1544 4283 1558 4309; x_wconf 92' lang='lat'>,</span> <span class='ocrx_word' id='word_1_351' title='bbox 1582 4234 1808 4317; x_wconf 84' lang='lat' dir='ltr'>iuquit,</span> <span class='ocrx_word' id='word_1_352' title='bbox 1842 4234 2299 4313; x_wconf 86' lang='lat' dir='ltr'>„consentiunt,</span> <span class='ocrx_word' id='word_1_353' title='bbox 2320 4236 2391 4298; x_wconf 90' lang='lat' dir='ltr'>ut</span> <span class='ocrx_word' id='word_1_354' title='bbox 2408 4234 2763 4318; x_wconf 87' lang='lat' dir='ltr'>antispasto</span> <span class='ocrx_word' id='word_1_355' title='bbox 2787 4256 3171 4319; x_wconf 86' lang='lat' dir='ltr'>praeponere</span> 
     </span>
    </p>
   </div>
   <div class='ocr_carea' id='block_1_9' title="bbox 553 4354 980 4361">
    <p class='ocr_par' dir='ltr' id='par_1_10' title="bbox 553 4354 980 4361">
     <span class='ocr_line' id='line_1_36' title="bbox 553 4354 980 4361; baseline 0 0"><span class='ocrx_word' id='word_1_356' title='bbox 553 4354 980 4361; x_wconf 95' lang='lat' dir='ltr'> </span> 
     </span>
    </p>
   </div>
   <div class='ocr_carea' id='block_1_10' title="bbox 551 4390 3178 4911">
    <p class='ocr_par' dir='ltr' id='par_1_11' title="bbox 552 4390 3173 4637">
     <span class='ocr_line' id='line_1_37' title="bbox 552 4390 3173 4465; baseline 0 -20"><span class='ocrx_word' id='word_1_357' title='bbox 552 4408 663 4460; x_wconf 88' lang='lat' dir='ltr'>que</span> <span class='ocrx_word' id='word_1_358' title='bbox 715 4390 1005 4445; x_wconf 84' lang='lat' dir='ltr'>clausulae</span> <span class='ocrx_word' id='word_1_359' title='bbox 1055 4392 1388 4447; x_wconf 88' lang='lat' dir='ltr'>antecedere</span> <span class='ocrx_word' id='word_1_360' title='bbox 1440 4390 1714 4446; x_wconf 86' lang='lat' dir='ltr'>Zielinski</span> <span class='ocrx_word' id='word_1_361' title='bbox 1765 4392 1933 4445; x_wconf 89' lang='lat' dir='ltr'>docet</span> <span class='ocrx_word' id='word_1_362' title='bbox 1982 4398 2056 4461; x_wconf 91' lang='grc' dir='ltr'>(Ρ.</span> <span class='ocrx_word' id='word_1_363' title='bbox 2095 4396 2178 4459; x_wconf 88' lang='grc'>13,</span> <span class='ocrx_word' id='word_1_364' title='bbox 2220 4410 2276 4462; x_wconf 89' lang='lat' dir='ltr'>p.</span> <span class='ocrx_word' id='word_1_365' title='bbox 2317 4397 2419 4449; x_wconf 81' lang='lat'>121</span> <span class='ocrx_word' id='word_1_366' title='bbox 2458 4394 2563 4465; x_wconf 89' lang='lat' dir='ltr'>sq.)</span> <span class='ocrx_word' id='word_1_367' title='bbox 2602 4393 2876 4448; x_wconf 88' lang='lat' dir='ltr'>creticum</span> <span class='ocrx_word' id='word_1_368' title='bbox 2919 4394 3005 4446; x_wconf 87' lang='lat' dir='ltr'>vel</span> <span class='ocrx_word' id='word_1_369' title='bbox 3044 4392 3173 4447; x_wconf 87' lang='lat' dir='ltr'>eius</span> 
     </span>
     <span class='ocr_line' id='line_1_38' title="bbox 552 4479 3169 4550; baseline 0 -17"><span class='ocrx_word' id='word_1_370' title='bbox 552 4479 674 4534; x_wconf 88' lang='lat' dir='ltr'>loco</span> <span class='ocrx_word' id='word_1_371' title='bbox 726 4480 1088 4550; x_wconf 73' lang='lat' dir='ltr'>potissimum</span> <span class='ocrx_word' id='word_1_372' title='bbox 1141 4480 1466 4545; x_wconf 87' lang='lat' dir='ltr'>molossum,</span> <span class='ocrx_word' id='word_1_373' title='bbox 1517 4480 1580 4533; x_wconf 89' lang='lat' dir='ltr'>id</span> <span class='ocrx_word' id='word_1_374' title='bbox 1631 4480 1787 4548; x_wconf 86' lang='lat' dir='ltr'>quod</span> <span class='ocrx_word' id='word_1_375' title='bbox 1839 4479 2041 4549; x_wconf 89' lang='lat' dir='ltr'>paucis</span> <span class='ocrx_word' id='word_1_376' title='bbox 2080 4480 2182 4549; x_wconf 88' lang='lat' dir='ltr'>qui</span> <span class='ocrx_word' id='word_1_377' title='bbox 2218 4480 2280 4534; x_wconf 91' lang='lat' dir='ltr'>in</span> <span class='ocrx_word' id='word_1_378' title='bbox 2329 4480 2480 4535; x_wconf 86' lang='lat' dir='ltr'>libro</span> <span class='ocrx_word' id='word_1_379' title='bbox 2517 4481 2756 4535; x_wconf 87' lang='lat' dir='ltr'>Minucii</span> <span class='ocrx_word' id='word_1_380' title='bbox 2794 4480 3169 4535; x_wconf 79' lang='lat' dir='ltr'>inveniantur</span> 
     </span>
     <span class='ocr_line' id='line_1_39' title="bbox 553 4568 2183 4637; baseline 0.001 -14"><span class='ocrx_word' id='word_1_381' title='bbox 553 4570 673 4623; x_wconf 90' lang='lat' dir='ltr'>eius</span> <span class='ocrx_word' id='word_1_382' title='bbox 711 4569 864 4623; x_wconf 77' lang='lat' dir='ltr'>modi</span> <span class='ocrx_word' id='word_1_383' title='bbox 901 4568 1043 4623; x_wconf 87' lang='lat' dir='ltr'>locis</span> <span class='ocrx_word' id='word_1_384' title='bbox 1079 4568 1401 4623; x_wconf 83' lang='lat' dir='ltr'>confirmari</span> <span class='ocrx_word' id='word_1_385' title='bbox 1441 4568 1691 4637; x_wconf 88' lang='lat' dir='ltr'>quodam</span> <span class='ocrx_word' id='word_1_386' title='bbox 1727 4570 1897 4624; x_wconf 88' lang='lat' dir='ltr'>modo</span> <span class='ocrx_word' id='word_1_387' title='bbox 1938 4570 2183 4625; x_wconf 85' lang='lat' dir='ltr'>videtur.</span> 
     </span>
    </p>

    <p class='ocr_par' dir='ltr' id='par_1_12' title="bbox 774 4657 2349 4732">
     <span class='ocr_line' id='line_1_40' title="bbox 774 4657 2349 4732; baseline 0 -19"><span class='ocrx_word' id='word_1_388' title='bbox 774 4662 812 4732; x_wconf 86' lang='grc' dir='ltr'>ι)</span> <span class='ocrx_word' id='word_1_389' title='bbox 865 4659 1024 4714; x_wconf 86' lang='lat' dir='ltr'>Conf.</span> <span class='ocrx_word' id='word_1_390' title='bbox 1065 4659 1126 4714; x_wconf 89' lang='lat' dir='ltr'>P.</span> <span class='ocrx_word' id='word_1_391' title='bbox 1165 4658 1235 4714; x_wconf 86' lang='lat' dir='ltr'>H.</span> <span class='ocrx_word' id='word_1_392' title='bbox 1273 4658 1506 4713; x_wconf 74' lang='lat' dir='ltr'>Damste</span> <span class='ocrx_word' id='word_1_393' title='bbox 1541 4657 1911 4727; x_wconf 78' lang='lat' dir='ltr'>Mnemosyne</span> <span class='ocrx_word' id='word_1_394' title='bbox 1950 4664 2095 4717; x_wconf 82' lang='lat'>1906</span> <span class='ocrx_word' id='word_1_395' title='bbox 2131 4678 2189 4729; x_wconf 93' lang='grc' dir='ltr'><strong>Ρ.</strong></span> <span class='ocrx_word' id='word_1_396' title='bbox 2228 4664 2349 4718; x_wconf 81' lang='grc'>178.</span> 
     </span>
    </p>

    <p class='ocr_par' dir='ltr' id='par_1_13' title="bbox 551 4747 3178 4911">
     <span class='ocr_line' id='line_1_41' title="bbox 767 4747 3178 4823; baseline -0.001 -20"><span class='ocrx_word' id='word_1_397' title='bbox 767 4752 808 4823; x_wconf 80' lang='lat'>2)</span> <span class='ocrx_word' id='word_1_398' title='bbox 862 4748 1011 4815; x_wconf 82' lang='lat' dir='ltr'>Quid</span> <span class='ocrx_word' id='word_1_399' title='bbox 1063 4750 1134 4803; x_wconf 89' lang='lat' dir='ltr'>de</span> <span class='ocrx_word' id='word_1_400' title='bbox 1186 4749 1474 4802; x_wconf 85' lang='lat' dir='ltr'>structura</span> <span class='ocrx_word' id='word_1_401' title='bbox 1523 4747 1810 4802; x_wconf 86' lang='lat' dir='ltr'>rhetorica</span> <span class='ocrx_word' id='word_1_402' title='bbox 1860 4748 2261 4819; x_wconf 82' lang='lat' dir='ltr'>praeceperint</span> <span class='ocrx_word' id='word_1_403' title='bbox 2308 4749 2668 4820; x_wconf 84' lang='lat' dir='ltr'>grammatici</span> <span class='ocrx_word' id='word_1_404' title='bbox 2704 4752 2881 4817; x_wconf 86' lang='lat' dir='ltr'>atque</span> <span class='ocrx_word' id='word_1_405' title='bbox 2918 4749 3178 4801; x_wconf 85' lang='lat' dir='ltr'>rhetores</span> 
     </span>
     <span class='ocr_line' id='line_1_42' title="bbox 551 4838 2079 4911; baseline 0.004 -20"><span class='ocrx_word' id='word_1_406' title='bbox 551 4838 757 4895; x_wconf 86' lang='lat' dir='ltr'>Latini.</span> <span class='ocrx_word' id='word_1_407' title='bbox 797 4838 962 4894; x_wconf 82' lang='lat' dir='ltr'>Thes.</span> <span class='ocrx_word' id='word_1_408' title='bbox 1000 4838 1122 4901; x_wconf 83' lang='lat' dir='ltr'>Lat,</span> <span class='ocrx_word' id='word_1_409' title='bbox 1163 4839 1433 4895; x_wconf 89' lang='lat' dir='ltr'>Bouillon</span> <span class='ocrx_word' id='word_1_410' title='bbox 1472 4838 1634 4892; x_wconf 87' lang='lat' dir='ltr'>Paris</span> <span class='ocrx_word' id='word_1_411' title='bbox 1669 4842 1810 4897; x_wconf 88' lang='grc'>1898</span> <span class='ocrx_word' id='word_1_412' title='bbox 1846 4854 1900 4911; x_wconf 90' lang='grc' dir='ltr'><strong>Ρ.</strong></span> <span class='ocrx_word' id='word_1_413' title='bbox 1938 4844 2079 4907; x_wconf 71' lang='lat'><strong>4349.</strong></span> 
     </span>
    </p>
   </div>
   <div class='ocr_carea' id='block_1_11' title="bbox 3595 367 3596 882">
    <p class='ocr_par' dir='ltr' id='par_1_14' title="bbox 3595 367 3596 882">
     <span class='ocr_line' id='line_1_43' title="bbox 3595 367 3596 882; baseline 0 0"><span class='ocrx_word' id='word_1_414' title='bbox 3595 367 3596 882; x_wconf 95' lang='lat' dir='ltr'> </span> 
     </span>
    </p>
   </div>
   <div class='ocr_carea' id='block_1_12' title="bbox 3594 3240 3598 3979">
    <p class='ocr_par' dir='ltr' id='par_1_15' title="bbox 3594 3240 3598 3979">
     <span class='ocr_line' id='line_1_44' title="bbox 3594 3240 3598 3979; baseline 0 0"><span class='ocrx_word' id='word_1_415' title='bbox 3594 3240 3598 3979; x_wconf 95' lang='lat' dir='ltr'> </span> 
     </span>
    </p>
   </div>
  </div>
 </body>
</html>
