3634 5300
1411 1469 1724 1575 Pars
1800 1469 2221 1630 altera.

507 1790 631 1887 De
713 1787 1166 1888 clausulis
1243 1786 1837 1910 periodorum
1915 1790 2017 1886 in
2095 1786 2340 1887 libro
2419 1789 2880 1898 Ciceronis
2959 1790 3125 1909 qui

796 1931 1354 2031 inscribitur
1417 1929 1635 2030 Oato
1701 1930 1998 2028 maior
2062 1930 2171 2028 de
2246 1932 2714 2029 senectute
2739 1932 2833 2026 1).

773 2184 821 2266 I
892 2186 1020 2267 De
1079 2182 1519 2265 clausulis
1577 2181 1932 2280 generis
1986 2181 2292 2282 primi.
2364 2251 2438 2266 -
2476 2223 2544 2259 υ
2580 2249 2653 2268 ..
2687 2252 2761 2267 -
2795 2214 2868 2269 22.

1161 2434 1178 2498 Ι
1229 2433 1466 2514 Longa
1514 2431 1773 2514 syllaba
1822 2432 1994 2499 nulla
2041 2407 2470 2500 dissolvitur.

1060 2667 1124 2733 1.
1189 2664 1354 2733 Uno
1401 2665 1628 2733 verbo
1679 2664 2161 2732 constituitur
2207 2662 2561 2732 clausula:

785 2878 852 2965 α)
913 2877 1160 2943 verbo
1205 2876 1591 2961 longiore
1637 2896 1870 2959 quam
1918 2876 2279 2960 quinque
2326 2875 2849 2960 syllabarum.

1263 3036 1539 3123 15923(§
1574 3040 1684 3119 79)
1773 3034 2247 3119 intellegebatis

906 3267 967 3353 β)
1034 3266 1274 3331 verbo
1335 3264 1698 3350 quinque
1759 3265 2266 3351 syllabarum
2328 3289 2462 3359 sex
2523 3266 2751 3342 locis

1272 3431 1306 3494 1
1408 3430 1531 3495 137
1549 3472 1572 3510 1
1585 3425 1682 3511 4(§
1722 3429 1830 3512 15)
1876 3424 2403 3490 administrentur

1270 3538 1303 3600 1
1403 3537 1529 3601 140
1545 3578 1571 3617 3
1581 3577 1606 3617 ⁵
1617 3532 1758 3620 (26)
1868 3531 2187 3596 elaboravi

1269 3644 1303 3707 1
1403 3642 1530 3707 145
1547 3685 1570 3723 1
1582 3684 1605 3722 7
1621 3637 1760 3725 (39)
1871 3638 2294 3702 incitarentur

1269 3750 1303 3813 1
1408 3751 1533 3816 154
1549 3791 1572 3829 1
1585 3746 1757 3832 9(64)
1878 3749 2357 3829 anteponuntur
2446 3781 2451 3787 ·

1270 3858 1304 3921 1
1406 3858 1438 3920 1
1448 3857 1531 3922 58
1549 3856 1720 3938 4(75)
1872 3853 2330 3918 arbitrarentur

1270 3962 1304 4025 1
1404 3961 1756 4044 16024(82)
1867 3960 2325 4024 terminaturus

1255 4089 1294 4152 6

545 4312 554 4321 ·
723 4221 963 4301 Quibus
1012 4224 1309 4288 omnibus
1357 4223 1512 4288 locis
1559 4227 1797 4308 septem
1842 4225 2238 4302 vocabulum,
2290 4246 2414 4310 quo
2456 4225 2738 4291 clausula
2768 4227 3129 4291 continetur

504 4330 660 4412 tota,
711 4332 810 4393 est
854 4331 1119 4395 verbum
1168 4330 1340 4415 quod
1387 4329 1638 4415 proprie
1686 4329 1947 4406 dicitur3
1996 4331 2072 4395 cf.
2121 4354 2179 4415 p.
2226 4338 2287 4401 4.

724 4583 761 4643 ¹)
824 4578 972 4633 Usus
1018 4596 1148 4634 sum
1198 4578 1466 4645 editione,
1535 4596 1707 4647 quam
1772 4578 1996 4644 curavit
2060 4579 2193 4640 QF.
2214 4579 2560 4641 W‚Mueller
2624 4596 2774 4634 anno
2838 4584 2994 4647 1904,
3048 4579 3131 4635 ita

503 4640 738 4733 quidem
789 4668 859 4721 ut
910 4684 1004 4721 eas
1062 4669 1291 4723 tantum
1342 4669 1624 4724 clausulas
1677 4668 2106 4736 conscriberem,
2160 4670 2291 4739 post
2341 4686 2483 4737 quas
2520 4668 2629 4746 ille⁶
2660 4668 2890 4738 signum
2930 4669 3132 4737 puncti

505 4755 792 4821 posuerat.
