3634 5300
1575 161 2021 244 -57÷

959 338 1016 420 c)
1081 331 1650 418 praedicatum
1695 334 2123 400 antecedit
2166 333 2496 400 obiecto
2544 337 2636 420 (3)

715 484 794 547 16
811 524 834 563 1
847 525 870 562 7
885 480 998 563 (12
1015 478 1076 565 2)
1137 477 1439 560 opitulari
1485 475 1614 542 suis

706 589 792 654 52
810 631 833 669 1
846 587 995 669 0(32
1014 586 1073 669 2)
1114 583 1390 679 'reiciam
1435 584 1493 648 ei
1539 606 1725 648 suum
1771 605 2005 647 munus

709 696 786 760 17
801 736 827 775 6
840 691 951 776 (12
969 691 1026 776 5)
1074 689 1503 755 reformidatis
1551 689 1700 754 deos
1746 712 1906 773 quos
1953 689 2207 776 negatis

484 796 655 861 conf.
707 803 789 866 37
809 799 1068 885 26(241)
1132 819 1264 862 non
1311 797 1545 862 sentire
1592 818 1697 861 eos
1743 797 1956 860 sciunt

995 975 1061 1061 d)
1126 974 1645 1059 praepositio
1693 977 1881 1039 ante
1927 996 2214 1039 nomen
2260 998 2483 1056 suum
2530 972 2635 1061 (4)

479 1121 774 1204 4122&ss
794 1121 854 1204 3)
915 1119 1033 1181 sub
1095 1117 1317 1202 iugum
1390 1116 1618 1180 missus
1679 1121 1774 1182 est

919 1227 983 1288 et
1029 1223 1277 1289 deditus

482 1333 820 1416 543(331)
920 1331 989 1394 in
1034 1329 1181 1394 Siffll
1227 1330 1494 1395 ViVimUS
2064 1347 2399 1413 conferas:
2431 1348 2720 1429 invicem,
2753 1347 3095 1413 admodum

487 1444 576 1507 59
592 1440 814 1524 5(367)
915 1461 954 1501 a
999 1437 1114 1501 deo
1161 1457 1562 1521 posceremus

483 1546 776 1629 601⁶(37
793 1547 854 1630 4)
916 1544 985 1607 in
1033 1567 1147 1608 sua
1192 1547 1506 1628 potestate

1135 1734 1194 1817 e)
1262 1730 1746 1796 coniunctio
1795 1732 1984 1794 ante
2032 1751 2321 1796 nomen
2368 1733 2491 1818 (5),

702 1867 1068 1951 4019(258)
1129 1879 1192 1930 et
1237 1865 1385 1930 deos
1433 1863 1901 1950 computandae

699 1975 1064 2058 4017(258)
1126 1979 1190 2036 et
1232 1973 1437 2037 malae
1482 1970 1879 2037 valetudines

703 2084 744 2148 9
761 2125 784 2164 1
799 2078 864 2165 (6
881 2078 939 2166 2)
1132 2082 1198 2142 et
1243 2101 1389 2143 suos
1435 2077 1679 2143 faciunt

702 2188 784 2256 51
803 2187 985 2271 24(31
1005 2188 1065 2271 3)
1128 2189 1200 2249 ut
1245 2186 1379 2270 spei
1425 2186 1762 2251 coheredes

700 2298 784 2362 26
796 2338 819 2377 1
831 2339 853 2378 7
869 2295 981 2377 (18
994 2339 1017 2377 1
1030 2295 1090 2377 1)
1123 2290 1177 2356 si
1223 2297 1373 2356 deus
1420 2292 1661 2357 dederit

480 2397 655 2466 conf.
703 2404 788 2468 32
801 2445 824 2484 2
838 2402 949 2484 (21
967 2401 1026 2484 3)
1130 2403 1195 2463 et
1239 2402 1459 2483 postea
1502 2400 1671 2463 Iovis
1717 2403 1977 2486 gentem

701 2510 785 2574 33
802 2551 825 2590 1
838 2508 984 2590 0(21
1002 2552 1025 2590 1
1038 2508 1099 2590 0)
1160 2507 1286 2570 iam
1336 2527 1514 2570 senes
1561 2506 1796 2570 nolunt

1044 2685 1101 2771 f)
1165 2684 1545 2769 sequitur
1592 2684 2079 2751 coniunctio
2125 2704 2417 2749 nomen
2464 2686 2559 2770 (3)

481 2850 569 2913 27
589 2846 739 2930 609
756 2848 817 2931 2)
907 2845 1065 2910 haec
1110 2844 1283 2910 enim
1327 2845 1520 2911 verba
1567 2848 1718 2910 sunt
2143 2844 2483 2913 Conferas:
2545 2844 2781 2910 etenim

483 2953 850 3038 2813093)
911 2956 1210 3017 naturam
1269 2955 1487 3017 tamen
1545 2952 1921 3037 superponit
2104 3016 2111 3021 ,
2324 3000 2362 3030 ,,
2550 2954 2830 3031 attamen

480 3060 735 3143 618(37
759 3061 820 3145 9)
912 3060 1263 3143 periculum
1309 3064 1526 3124 tamen
1572 3059 1743 3125 solus
1793 3082 1859 3123 es
2326 3108 2361 3139 ,,
2545 3062 2986 3124 verumtamen

747 3238 818 3320 g)
882 3237 1359 3319 pronomini
1405 3236 1839 3321 personali
1885 3236 2399 3301 attributivo
2448 3237 2868 3302 antecedit

1415 3343 2032 3409 substantivum
2078 3348 2174 3431 (1)

478 3450 734 3533 447(27
756 3450 816 3533 2)
907 3449 1326 3532 perditionem
1374 3453 1472 3516 sui
1517 3474 1652 3516 non
1699 3452 2077 3517 confitentes

528 3641 600 3728 h)
666 3642 1282 3710 substantivum
1328 3648 1876 3732 praeponitur
1921 3646 2400 3730 pronomini
2448 3645 2915 3730 possessivo
2964 3649 3060 3732 (3)

490 3795 568 3858 16
582 3790 767 3874 2002
784 3791 846 3874 3)
911 3788 1345 3854 condicionem
1391 3793 1569 3855 tuam
1615 3792 1814 3855 sentis

483 3900 566 3965 47
582 3896 878 3980 16(2810)
910 3894 1341 3980 impudicitiae
1389 3918 1537 3961 suae
1585 3919 1777 3980 quam
1825 3897 2111 3983 pudescit

476 4006 562 4069 61
578 4048 600 4085 1
614 4004 762 4086 3(37
780 4046 804 4086 1
818 4003 878 4086 0)
908 4006 1207 4086 parentes
1253 4005 1398 4068 tuos
1444 4003 1666 4068 laudas

568 4178 620 4265 i)
670 4177 1178 4243 adiectivum
1226 4181 1812 4247 attributivum
1862 4181 2286 4248 antecedit
2332 4180 2856 4245 substantivo
2906 4180 3000 4268 (2)

479 4306 570 4370 40
589 4348 612 4386 1
627 4304 773 4387 2(25
787 4302 846 4391 7)
895 4304 1270 4369 vernaculos
1318 4305 1465 4370 deos
1512 4307 1808 4371 novimus

485 4410 570 4476 55
585 4454 609 4493 1
620 4453 644 4493 7
659 4407 774 4496 (34
790 4409 850 4499 ⁶)
898 4409 1231 4475 dimidiata
1276 4412 1399 4477 fide
1446 4411 1848 4478 tradiderunt

597 4582 666 4669 k)
735 4584 1180 4668 genetivus
1227 4583 1786 4648 attributivus
1834 4584 2215 4667 sequitur
2261 4605 2554 4649 nomen
2605 4605 2826 4647 suum
2882 4582 2975 4671 (1)

481 4706 849 4795 3110(206)
898 4707 1100 4771 civem
1146 4707 1354 4773 bonae
1403 4709 1740 4771 memoriae
