3634 5300
1645 215 2089 279 ..48-

1241 409 1312 493 b)
1379 407 1625 472 semel
1672 405 2021 490 ponitur
2068 405 2278 468 locis
2325 427 2490 471 sex:

561 557 859 638 1].4(81)3
915 553 1295 636 1616(l22);
1347 553 1730 635 1712(127)3
1780 552 2167 634 3113(211);
2215 550 2601 635 4824(301);
2651 551 3022 633 5525(349)·

558 737 616 815 c)
686 731 812 794 Bis
844 728 1251 793 Minucius
1299 729 1742 791 varietatis
1789 748 2030 791 causa
2074 716 2517 812 particulis
2575 730 2779 805 „aut“
2837 729 2916 790 et
2972 726 3173 806 „vel‘

1431 834 1879 918 promiscue
1926 856 2116 897 usus
2162 837 2301 897 est.

562 961 874 1048 145(1O3)
942 959 1104 1022 unde
1151 960 1363 1021 autem
1407 960 1496 1022 vel
1543 958 1683 1041 quis
1730 959 1838 1022 ille
1886 961 2019 1043 (3a)
2069 965 2181 1022 aut
2228 955 2335 1020 ubi
2384 957 2533 1021 deus
2581 960 2729 1042 (4a)

559 1071 911 1154 6013(374)
979 1069 1146 1131 viros
1193 1087 1336 1129 cum
1381 1066 1589 1130 Mucio
1637 1067 1728 1130 vel
1775 1088 1913 1130 cum
1966 1065 2221 1148 Aquilio
2270 1063 2671 1148 aut-Regulo
2717 1085 3017 1149 comparo
3066 1066 3176 1152 (2).

771 1209 1008 1289 Quibus
1068 1233 1145 1274 ex
1190 1210 1344 1275 locis
1391 1209 1685 1274 omnibus
1731 1209 1888 1275 haec
1933 1208 2304 1274 concludere
2351 1231 2713 1293 possumus:
2772 1210 2825 1272 si
2872 1210 3171 1273 coniunc-

558 1319 734 1383 tione
795 1321 974 1397 „aut“
1032 1317 1486 1402 disiunguntur
1533 1318 1867 1380 enuntiata
1912 1319 2023 1380 aut
2068 1315 2367 1394 membra,
2416 1315 2911 1399 unumquodque
2953 1337 3175 1379 nume-

559 1446 698 1489 rose
744 1423 943 1498 cadit;
991 1425 1090 1487 sin
1137 1424 1425 1508 singulae
1473 1444 1667 1499 voceS‚
1717 1445 1796 1486 ne
1843 1422 1990 1486 finis
2037 1422 2289 1502 quidem
2321 1423 2467 1486 talis
2498 1421 2950 1506 complexionis
2999 1423 3174 1486 clau·-

559 1532 761 1595 sulam
808 1531 1133 1594 metricam
1179 1551 1424 1613 semper
1469 1551 1619 1614 prae
1665 1551 1730 1593 se
1777 1529 1914 1596 fert.

558 1838 658 1917 De
729 1837 1221 1916 coniunctione
1279 1836 1487 1932 „vel“
1544 1835 1979 1914 disiunctiva
2048 1836 2264 1937 plane
2318 1835 2564 1915 eadem
2618 1835 2921 1916 (licenda
2977 1842 3170 1915 sunt.

774 2047 1176 2112 Praetermisi
1234 2050 1307 2111 ut
1367 2069 1481 2132 par
1528 2055 1624 2111 est
1667 2047 1971 2132 exempla,
2019 2047 2088 2110 in
2135 2046 2365 2129 quibus
2420 2047 2589 2128 „vel“
2642 2048 2809 2112 idem
2855 2037 3198 2134 significat*

561 2158 747 2237 atque
805 2154 1069 2233 „etiam“
1125 2161 1236 2218 aut
1284 2154 1426 2230 „vel
1457 2153 1743 2250 potius&

609 2353 671 2418 1.
740 2319 1146 2418 Enuntiata
1191 2345 1726 2433 disiunguntur
1770 2350 1905 2416 hac
1952 2350 2316 2434 particula
2364 2368 2647 2434 semper
2696 2351 2808 2418 bis
2856 2351 3131 2435 posita:

562 2514 752 2596 913(7
769 2513 827 2595 2)
980 2512 1080 2574 vel
1127 2513 1200 2574 ut
1243 2533 1293 2578 r.
1341 2509 1558 2575 diviua
1602 2509 2004 2595 indulgentia
2050 2509 2203 2599 (4b)

989 2617 1086 2682 vel
1133 2620 1206 2681 ut
1251 2639 1305 2681 a.
1352 2617 1692 2681 imminens
1738 2616 1835 2681 ira
1882 2619 1977 2704 (1)

989 2729 1098 2789 aut
1141 2724 1273 2790 iam
1319 2728 1364 2792 t.
1409 2746 1461 2791 e.
1508 2724 1789 2789 saeviens
1836 2724 2193 2808 placaretur
2238 2727 2411 2809 (cret.
2462 2730 2542 2807 —{—
2592 2724 2718 2811 3b)

1166 2835 1304 2916 (aut
1350 2834 1500 2895 ante
1548 2830 1902 2894 membrum
1949 2840 2336 2915 postremum
2368 2832 2602 2914 legitur
2633 2830 2797 2897 sicut
2826 2832 2893 2895 iu
2928 2831 3163 2897 duobus

1166 2938 1486 3022 exemplis,
1535 2958 1694 3020 quae
1742 2936 1932 3001 modo
1978 2938 2301 3021 proposui)

562 3044 875 3133 233(175)
985 3046 1086 3109 vel
1131 3043 1304 3128 quod
1392 3097 1407 3113 .
1454 3096 1468 3111 .
1517 3096 1530 3108 .
1579 3098 1592 3112 .
1641 3044 1825 3108 astris
1872 3044 2289 3129 distinguitur
2336 3043 2488 3131 (4b)

989 3151 1089 3215 vel
1135 3151 1306 3234 quod
1351 3201 1365 3215 .
1411 3204 1428 3220 .
1476 3202 1490 3215 .
1538 3202 1551 3216 .
1600 3152 1731 3215 sole
1777 3152 2088 3215 lustratur
2136 3152 2231 3237 (1)
2594 3141 2599 3145 ⁴

563 3258 912 3346 2310(176)
977 3260 1074 3321 vel
1123 3257 1295 3341 quod
1339 3262 1571 3343 regant
1615 3278 1871 3322 cursum
1916 3256 2261 3342 navigandi
2308 3256 2482 3346 (mol.
2532 3263 2612 3340 -{—
2664 3260 2778 3344 33.)

549 3386 554 3394 ·
991 3366 1085 3428 vel
1132 3363 1302 3449 quod
1348 3417 1360 3432 .
1411 3416 1424 3429 .
1473 3420 1487 3441 ,
1535 3420 1548 3434 .
1594 3368 1843 3449 tempus
1887 3363 2195 3427 inducant
2226 3364 2317 3452 (1)

560 3478 647 3541 43
659 3474 912 3559 4(2610)
978 3473 1076 3535 vel
1124 3492 1284 3554 quae
1330 3493 1465 3536 non
1513 3474 1664 3536 sunt
1710 3469 1907 3535 videri
1952 3472 2126 3556 (mol.
2180 3479 2257 3552 «Ι-
2312 3472 2427 3558 3a)

689 3660 702 3670 ,
989 3580 1085 3644 vel
1133 3600 1293 3662 quae
1341 3582 1492 3643 sunt
1535 3600 1670 3643 non
1716 3578 1912 3643 videri
1959 3579 2132 3665 (mol.
2183 3588 2262 3663 †
2313 3581 2438 3663 32³.)

561 3688 648 3753 45
660 3688 879 3770 40277)
989 3690 1052 3750 et
1096 3686 1197 3749 vel
1241 3686 1509 3750 exiliunt
1554 3687 1773 3750 statim
1822 3689 1891 3770 (4
1906 3688 1964 3772 c)

988 3792 1085 3855 vel
1132 3798 1518 3857 evanescunt
1561 3791 1880 3877 gradatim
1926 3792 2097 3872 (mol.
2148 3799 2227 3875 -1—
2278 3796 2401 3877 3a)

1350 3991 1417 4056 2.
1466 3990 1790 4057 Membra
1838 3990 2385 4073 disiunguntur.

1126 4134 1190 4217 a)
1239 4131 1666 4196 Particula
1723 4133 1917 4211 „vel“
1972 4132 2099 4197 bis
2145 4132 2419 4217 posita
2463 4138 2614 4197 est:

561 4278 790 4359 44(3‹;)
989 4277 1086 4339 vel
1134 4276 1387 4343 dorsum
1433 4276 1628 4342 maris
1660 4277 1908 4342 raderet
1954 4278 2050 4367 (2)
2064 4279 2109 4364 1)

986 4382 1088 4446 vel
1133 4383 1395 4447 summis
1453 4382 1750 4449 fluctibus
1808 4384 2014 4448 tonsis
2073 4384 2373 4449 emicaret
2436 4385 2610 4470 (mol.
2672 4384 2793 4471 [vel
2837 4382 3051 4468 potius
3103 4388 3173 4465 1]

1207 4494 1287 4572 ÷
1340 4490 1458 4574 321)

782 4683 826 4753 ¹)
875 4684 1054 4753 44(30)
1105 4683 1175 4735 ut
1221 4681 1369 4735 illud
1417 4682 1671 4737 iaculum
1723 4682 1816 4736 vel
1854 4682 2086 4738 dorsum
2123 4684 2297 4737 maris
2332 4685 2561 4739 raderet
2593 4685 2686 4740 vel
2723 4686 3001 4749 enataret,
3040 4684 3181 4739 dum

564 4769 681 4824 leni
715 4770 939 4840 impetu
977 4771 1204 4837 labitur,
1245 4771 1336 4825 vel
1362 4770 1598 4825 summis
1627 4771 1894 4826 fluctibus
1918 4773 2096 4827 tonsis
2123 4772 2392 4827 emicaret
2416 4777 2754 4844 emergeret:
2792 4774 2835 4827 P
2862 4791 2917 4835 r;
2956 4778 3031 4829 vel
3054 4792 3180 4828 ma-
