3634 5300
621 1299 776 1364 Cum
824 1301 1157 1384 praecepta
1201 1296 1530 1361 rhetorum
1575 1295 2011 1360 Romanorum
2059 1295 2134 1359 de
2165 1296 2443 1360 numeris
2475 1297 2782 1361 orationis
2812 1300 3058 1364 solutae

441 1407 700 1472 minime
755 1405 1087 1490 perspicua
1143 1403 1502 1486 disertaque
1566 1408 1813 1467 constet
1860 1423 1991 1466 esse
2051 1422 2274 1486 neque,
2323 1402 2433 1486 qui
2480 1402 2558 1466 dc
2601 1425 2865 1470 numero
2913 1429 3060 1473 ora·

445 1515 609 1578 torio
667 1533 741 1578 ac
798 1512 1130 1597 praecipue
1189 1510 1266 1574 de
1325 1508 1620 1575 clausulis
1681 1508 2063 1593 scriptorum
2122 1509 2531 1592 antiquorum
2590 1513 2811 1578 nostra
2854 1517 3063 1579 aetate

445 1619 830 1704 scripserunt
843 1618 910 1706 1),
971 1617 1234 1682 omnino
1295 1617 1464 1680 inter
1523 1637 1590 1680 se
1649 1615 2071 1692 consentiant,
2131 1615 2264 1700 ipse
2310 1615 2489 1693 mihi,
2538 1622 2877 1702 antequam
2924 1622 3063 1686 eius

445 1725 696 1812 generis
756 1723 1250 1809 disputationem
1300 1721 1696 1807 adgrederer,
1739 1721 1997 1785 illorum
2048 1719 2303 1805 quidem
2350 1721 2647 1787 subsidiis
2694 1747 2846 1790 usus
2892 1726 3061 1792 viam

444 1832 844 1919 praemunire
890 1829 1214 1906 constitui,
1263 1849 1390 1911 qua
1436 1827 1515 1892 ad
1561 1828 1756 1891 finem
1801 1829 2202 1912 propositum
2246 1815 2660 1911 pervenirem.
2754 1831 2976 1916 Itaque
3026 1857 3063 1898 a

444 1939 652 2004 tribus
712 1937 811 2001 vel
871 1939 1172 2020 quattuor
1228 1935 1653 1999 clausularum
1698 1932 1920 1998 formis
1965 1933 2305 2017 profectus,
2353 1957 2511 2019 quas
2562 1961 2599 2000 a
2650 1937 3063 2022 scriptoribus

447 2043 690 2110 Latinis
721 2041 1205 2126 antiquioribus,
1239 2042 1350 2126 qui
1379 2042 1734 2128 elegantiae
1766 2040 2016 2104 cuidam
2050 2040 2359 2105 sermonis
2392 2041 2732 2121 studerent,
2764 2031 3066 2130 frequen-

444 2155 612 2216 tatas
672 2171 804 2214 esse
861 2149 1146 2234 plerique
1205 2150 1587 2224 statuerunt,
1648 2147 1926 2230 primum
1987 2145 2243 2230 quidem
2304 2167 2524 2212 omnes
2568 2147 2833 2214 Minucii
2895 2151 3066 2216 locos

449 2258 680 2343 collegi
727 2279 800 2322 ac
846 2255 1161 2332 distribui,
1211 2254 1441 2339 quibus
1485 2253 1732 2339 periodi
1778 2254 1870 2317 ita
1916 2253 2273 2333 finirentur,
2322 2257 2395 2319 ut
2438 2257 2553 2319 aut
2595 2255 2877 2342 integras
2922 2257 3067 2322 illas

448 2364 684 2429 formas
726 2384 878 2448 prae
925 2382 990 2427 se
1034 2361 1276 2426 ferrent
1321 2365 1430 2426 aut
1473 2361 1706 2444 longae
1753 2380 1971 2424 earum
2020 2359 2297 2444 syllabae
2340 2359 2413 2424 in
2456 2361 2642 2426 binas
2683 2362 2902 2428 breves
2932 2363 3059 2428 dis-

451 2471 693 2536 solutae
739 2474 976 2544 essent3
1025 2469 1095 2532 in
1141 2489 1266 2553 quo
1313 2468 1573 2553 negotio
1621 2465 1903 2552 gerendo
1951 2487 2157 2549 neque
2188 2487 2477 2532 caesuras
2506 2468 2781 2554 neglexi,
2831 2469 3065 2553 quibus

451 2577 783 2660 clausulae,
830 2597 989 2662 quae
1036 2597 1069 2639 e
1115 2573 1362 2639 duobus
1407 2572 1769 2659 pluribusve
1815 2573 2140 2638 vocabulis
2186 2577 2506 2653 constant,
2555 2574 2941 2657 dividuntur,
3004 2579 3069 2640 et

451 2686 764 2749 rationem
794 2682 1005 2766 quoad
1037 2705 1193 2767 opus
1225 2692 1362 2747 erat
1389 2681 1635 2766 respexi
1665 2681 1991 2744 metricam
2020 2702 2237 2744 earum
2268 2702 2428 2765 quae
2460 2680 2844 2747 antecedunt
2873 2682 3067 2767 sylla-

452 2793 694 2859 barum.
725 2790 876 2855 Illae
907 2795 1116 2855 autem
1137 2788 1558 2854 clausularum
1590 2788 1831 2851 formae
1863 2786 2320 2871 frequentiores
2352 2792 2503 2853 sunt
2521 2789 2667 2855 hae:
2700 2790 2731 2853 I
2759 2846 2803 2854 -
2824 2829 2983 2855 om.
3004 2819 3068 2867 33

450 2897 514 2961 II
556 2934 836 2961 -----
859 2920 928 2971 μς
993 2895 1089 2959 ΙΙΙ
1133 2896 1431 2982 ..κ-ι..κ.ι(·
1481 2895 1571 2959 IV
1616 2896 1982 2981 -ὸ-»υ-υκ).
2031 2893 2201 2971 Quae
2246 2916 2393 2959 vero
2426 2896 2742 2961 clausulae
2789 2897 2869 2961 ad
2915 2898 3068 2962 istas

450 3025 708 3067 normas
771 3002 950 3067 facile
1013 3002 1294 3066 revocari
1351 3021 1484 3065 non
1549 3002 1864 3085 poterant,
1929 3000 2059 3064 iam
2123 3002 2553 3085 quaerendum
2616 3012 2767 3082 erat,
2852 3007 3065 3067 utrum

454 3110 740 3194 exempla
788 3110 950 3173 alius
995 3110 1246 3186 numeri
1293 3109 1556 3172 oratorii
1602 3107 1899 3173 habenda
1945 3112 2154 3172 essent
2200 3130 2283 3172 an
2318 3110 2581 3173 omnino
2627 3132 2660 3173 e
2706 3110 3065 3194 rhythmica

453 3216 812 3281 exciderent
858 3216 1334 3299 compositione.

675 3486 709 3545 ι)
769 3478 1021 3541 Quorum
1073 3478 1309 3531 nomina
1347 3477 1660 3543 titulosque
1697 3476 1977 3531 librorum
2018 3495 2145 3531 cum
2187 3479 2491 3546 plerosque
2530 3479 2936 3547 proposuerint
2971 3480 3090 3535 Th.¹

458 3567 730 3621 Zielinski
784 3565 897 3619 Das
942 3566 1367 3636 Klauselgesetz
1425 3564 1487 3617 in
1530 3564 1748 3619 Ciceros
1792 3551 1985 3619 aeden
2026 3570 2205 3633 (1904)
2246 3571 2457 3624 19—25
2502 3570 2558 3621 et
2601 3567 2663 3627 E,
2710 3568 2959 3625 Schober
2994 3570 3076 3625 ne

455 3656 668 3725 Apulei
723 3654 1257 3725 Metamorphoseon
1312 3652 1721 3723 compositione
1777 3671 2080 3707 numerosa
2133 3658 2315 3727 (1904)
2368 3661 2402 3713 3
2454 3673 2568 3725 seq,
2618 3659 2675 3710 et
2739 3658 2807 3717 H.
2860 3660 3076 3715 Jordan

456 3744 864 3815 Rhythmische
915 3742 1087 3796 Prosa
1135 3742 1196 3794 in
1248 3741 1347 3793 der
1399 3740 1700 3800 altchristl,
1742 3740 1839 3801 lat,
1880 3740 2169 3795 Literatur
2207 3748 2387 3817 (1905)
2426 3749 2495 3802 28
2534 3763 2667 3817 seq„
2723 3748 2829 3801 hos
2865 3764 3077 3816 paucos

455 3836 632 3889 libros
666 3834 846 3887 restat
881 3834 948 3885 ut
984 3831 1225 3885 addam:
1279 3830 1342 3889 R,
1383 3828 1800 3883 Sabbadini
1871 3829 1951 3883 De
1990 3832 2239 3885 numeris
2278 3832 2339 3885 in
2378 3834 2607 3905 dialogo
2648 3835 2749 3903 qui
2792 3833 3079 3905 Vergilius

457 3925 646 3979 orator
701 3939 776 3975 an
827 3922 997 3991 poeta
1047 3918 1379 3975 inscribitur
1418 3919 1598 3974 obviis
1650 3921 1892 3987 (Rivista
1944 3922 2003 3975 di
2043 3922 2293 3993 filologia
2333 3927 2489 3989 1897,
2529 3930 2634 3983 600
2672 3928 2792 3998 sq.)‚
2845 3926 2911 3985 A.
2952 3924 3075 3977 En·

455 4013 716 4083 gelbre
733 4011 817 4065 ch
836 4012 861 4063 t
897 4010 1206 4080 Stilfragen
1232 4009 1321 4063 bei
1348 4009 1719 4063 lateinischen
1749 4014 2038 4065 Auctor-en
2079 4011 2361 4077 (Zeitschr.
2388 4015 2428 4066 f.
2456 4016 2651 4074 osterr,
2679 4013 2882 4083 Gymn.
2921 4018 3077 4079 1902,

456 4107 486 4159 1
527 4105 650 4172 sq.)‚
701 4100 764 4161 R,
817 4100 1062 4154 Kauer
1113 4098 1356 4153 Studien
1407 4118 1477 4153 zu
1529 4098 1806 4153 Pacianus
1858 4100 1946 4172 (ΙΙ,
1986 4100 2302 4162 Jahresber,
2356 4102 2453 4156 des
2504 4102 2559 4157 k.
2598 4103 2655 4156 k.
2696 4102 3079 4173 Staatsgymn,

456 4208 527 4243 zu
563 4190 732 4243 Wien
770 4190 916 4249 XIII,
957 4188 1081 4249 Bez,
1121 4194 1297 4256 1902),
1362 4190 1430 4249 fl.
1471 4190 1725 4259 Hoppe
1779 4188 1997 4257 Syntax
2050 4190 2169 4243 und
2220 4191 2329 4245 Stil
2379 4193 2476 4245 des
2530 4192 2847 4245 Tertullian
2899 4194 3079 4265 (1903)

456 4284 563 4336 154
600 4296 740 4347 sqq„
797 4278 856 4339 L,
896 4279 1290 4333 Previtera
1341 4280 1422 4333 De
1474 4296 1711 4333 numero
1761 4278 1878 4332 sive
1932 4278 2187 4332 clausula
2239 4279 2356 4333 sive
2409 4281 2695 4333 structura
2741 4278 2860 4333 sive
2912 4296 3080 4333 cursu

459 4360 877 4428 (Wochenschr,
916 4368 954 4428 f,
995 4368 1163 4429 klass,
1203 4368 1406 4429 Philol,
1448 4372 1604 4434 1903,
1645 4387 1699 4428 n,
1740 4372 1850 4440 51),
1889 4367 1947 4427 F.
1986 4367 2197 4421 Blass
2236 4367 2339 4421 Die
2377 4368 2706 4437 Rhythmen
2744 4368 2843 4421 der
2880 4368 3082 4421 asiani-

460 4454 630 4508 schen
684 4456 802 4509 und
851 4458 1170 4512 romischen
1209 4456 1567 4526 Kunstprosa
1607 4460 1761 4521 1905,
1803 4473 1971 4525 quem
2011 4456 2221 4510 librum
2261 4456 2527 4511 subtilem
2567 4458 2691 4511 tum
2730 4457 2957 4512 demum
2998 4473 3083 4510 co-

458 4543 634 4611 gnovi
673 4561 802 4597 cum
841 4546 1291 4615 disputationem
1331 4562 1513 4601 meam
1552 4545 1923 4605 absolveram,

1703 4774 2145 4871 251465

682 4901 1095 4941 commentationes
1124 4903 1464 4953 Aenipontanae
1493 4904 1525 4942 Ι.
2838 4887 2868 4939 1
