3634 5300
481 1024 542 1079 t:
608 1015 956 1103 1814(l35)
1008 1018 1103 1079 tot
1149 1036 1223 1080 ac
1269 1015 1471 1081 tantis
1516 1016 1669 1080 viris
1714 1016 2211 1081 deliberantibus

480 1123 558 1186 d:
609 1121 916 1209 1015(75)
965 1122 1222 1206 templis
1267 1143 1341 1186 ac
1388 1121 1665 1187 delubris
1714 1122 1977 1188 deorum
2026 1129 2179 1193 3a4

607 1229 912 1315 1116(83)
960 1249 1032 1292 ac
1079 1228 1441 1312 desperatae
1488 1229 1784 1294 factionis

604 1337 956 1420 2517(187)
1005 1355 1077 1398 ac
1122 1333 1322 1398 divini
1369 1333 1616 1420 imperii
1661 1337 1863 1399 totam
1915 1337 2292 1420 potestatem

601 1441 916 1528 323(214)
965 1462 1038 1505 ac
1083 1439 1401 1505 Diodorus
1447 1441 1570 1506 hoc
1616 1441 1914 1507 locuntur
1961 1448 2105 1512 3a7

608 1548 962 1636 5815(362)
1011 1568 1084 1611 ac
1130 1547 1205 1611 de
1252 1547 1383 1612 fato
1431 1548 1586 1612 satis

485 1675 553 1720 s:
619 1654 925 1741 1212(92)
975 1675 1047 1719 ac
1094 1676 1158 1718 se
1205 1655 1600 1737 promiscue,

609 1765 689 1852 12
701 1762 913 1850 21(94)
961 1760 1268 1852 antistitis
1315 1782 1388 1825 ac
1434 1760 1774 1826 sacerdotis
1822 1761 1918 1850 (1)
1968 1760 2170 1825 colere
2218 1760 2525 1846 genitalia

606 1869 964 1956 5320(329)
1012 1890 1086 1932 ac
1131 1867 1487 1951 speculator
1532 1870 1817 1932 omnium

563 2021 576 2029 -
606 1974 958 2063 6210(382)
1006 1973 1306 2039 mollibus
1354 1995 1427 2038 ac
1472 1975 1697 2040 solutis
1744 1975 1811 2063 (3
1830 1977 1947 2058 a3)
1994 1978 2056 2038 et
2102 1974 2284 2039 sertis
2332 1975 2495 2040 colla
2531 1973 3005 2059 complectimur

537 2103 557 2143 .·
609 2083 758 2168 19(1
775 2084 832 2167 2)
879 2103 952 2145 ac
996 2102 1197 2165 paene
1227 2082 1492 2146 intimis
1539 2081 1829 2146 sensibus
1875 2081 2201 2168 implicata
2244 2085 2342 2145 est

615 2189 969 2274 23160-77)
1019 2209 1163 2252 cum
1209 2188 1365 2253 ordo
1412 2192 1771 2272 temporum
1817 2209 1892 2252 ac
1935 2188 2195 2272 frugum
2242 2189 2335 2274 (1)

607 2295 790 2380 (ordo
835 2299 1195 2378 temporum
1226 2298 1418 2379 atque
1448 2295 1706 2381 frugum
1752 2295 1931 2383 3225)
1962 2297 2009 2378 ²)

468 2102 524 2269 *⁵2*ss

695 2433 975 2515 Quorum
1036 2435 1319 2500 locorum
1364 2436 1580 2521 paucis
1625 2415 1881 2501 tantum
1928 2433 2376 2501 coniunctione
2430 2443 2572 2518 „ac“
2626 2435 2836 2521 posita
2880 2435 3103 2500 melior

481 2563 782 2606 numerus
829 2542 1115 2621 efficitur,
1164 2565 1357 2628 quam
1391 2543 1501 2626 qui
1533 2543 1981 2609 coniunctione
2012 2547 2283 2628 „atque“
2317 2543 2513 2622 fieret,
2546 2542 2655 2608 sed
2685 2541 2969 2629 plerique
3010 2543 3103 2606 ita

484 2654 635 2714 sunt
693 2649 1059 2735 comparati,
1108 2654 1183 2714 ut
1213 2673 1515 2716 numerus
1547 2673 1628 2716 ne
1659 2653 1921 2716 minime
1953 2649 2209 2734 quidem
2241 2650 2629 2729 immutetur,
2676 2650 2805 2715 sive
2852 2672 2925 2714 ac
2971 2649 3101 2715 sive

482 2760 671 2838 atque
716 2755 1030 2823 scribitur.
1079 2757 1260 2837 Quod
1304 2757 1512 2822 nihilo
1560 2759 1772 2823 minus
1816 2757 2134 2823 Minucius
2180 2758 2258 2821 iis
2292 2757 2587 2822 omnibus
2630 2764 2771 2839 „ac“
2826 2756 3099 2842 scripsit,

478 2860 624 2927 inde
683 2862 980 2928 discimus
1040 2888 1184 2929 eum
1247 2874 1394 2929 ante
1458 2869 1885 2955 consonantes
1945 2864 2199 2929 solitum
2256 2886 2389 2928 esse
2434 2864 2641 2929 forma
2696 2872 2839 2945 „ac“
2896 2864 2992 2927 uti
3039 2866 3103 2926 et

481 2969 751 3034 formam
807 2973 1066 3055 „atque“
1125 2993 1260 3036 non
1306 2972 1741 3057 anteposuisse
1786 2972 1914 3037 nisi
1959 2992 2033 3036 ea
2078 2994 2380 3037 numerus
2426 2971 2865 3056 corrigeretur.

700 3166 737 3235 ¹)
775 3162 986 3218 Locum
1021 3168 1143 3234 432³
1164 3166 1301 3238 (271)
1338 3166 1424 3219 ita
1449 3165 1610 3237 lego:
1646 3175 1707 3222 ut
1743 3176 2006 3222 ostensum
2032 3186 2067 3221 a
2093 3167 2148 3238 (a
2172 3164 2400 3220 addidit
2425 3164 2697 3219 Gelenius
2718 3164 2895 3233 idque
2919 3164 3104 3222 rectez

483 3253 605 3306 erat
653 3253 810 3307 enim
846 3254 967 3308 sine
1005 3254 1182 3309 dubio
1221 3272 1326 3325 pro
1367 3259 1837 3325 ostensumamayt’s
1860 3272 1893 3309 a
1919 3255 2154 3312 librario
2183 3255 2432 3325 quodam
2458 3253 2795 3325 simpliciter
2826 3253 3105 3323 scriptum

485 3346 892 3411 ostensumayis)
928 3346 1100 3411 mayis
1137 3362 1172 3396 a
1203 3344 1536 3411 philosophis
1571 3352 1620 3397 et
1657 3364 1692 3398 a
1726 3347 1949 3399 Platone
1984 3360 2113 3397 cum
2150 3344 2223 3407 P;
2262 3363 2298 3399 a
2331 3346 2660 3413 philosophis
2698 3341 2933 3396 seclusit
2955 3338 3103 3393 Heu-

487 3445 693 3492 mann3
733 3439 782 3484 et
818 3450 853 3485 a
889 3434 1114 3486 Platone
1150 3431 1384 3485 seclusit
1408 3431 1652 3494 Usener;
1692 3436 1866 3501 mayis
1904 3452 1967 3487 ac
1992 3435 2332 3501 philosophis
2369 3433 2449 3498 [et
2473 3449 2509 3485 a
2532 3430 2788 3497 Platone]
2815 3429 3103 3493 Dombart,

485 3534 656 3585 quem
695 3521 925 3574 secutus
964 3521 1049 3573 est
1083 3519 1320 3591 Boenig.
1384 3520 1468 3578 Cf.
1507 3538 1630 3592 cap.
1669 3526 1755 3589 26,
1793 3525 1989 3587 8—12‚
2026 3520 2130 3576 ubi
2164 3521 2389 3576 inverso
2428 3520 2660 3589 quidem
2700 3518 2897 3574 ordine
2934 3517 3104 3590 magi,

488 3604 837 3679 philosophi,
874 3608 1041 3663 Plato
1079 3609 1448 3666 inducuntur.
