3634 5300
1465 195 2048 307 .—-4—

1311 506 1438 587 De
1495 503 1794 589 forma
1850 508 1897 589 I
1970 541 2400 596 -c--z

1191 715 1206 778 Ι
1271 714 1508 794 Longa
1557 713 1816 793 syllaba
1868 716 2038 781 nulla
2086 715 2517 783 dissolvitur.

1009 927 1066 994 1.
1144 925 1477 992 clausula
1524 923 1950 992 continetur
1997 925 2217 992 verbo
2266 943 2435 994 uno.
2485 926 2699 1014 (100¹)

679 1105 744 1192 α)
806 1101 1056 1166 Verbi
1101 1103 1182 1181 in
1231 1101 1605 1166 clausula
1649 1101 1930 1184 positi,
1979 1103 2187 1186 quod
2236 1101 2598 1186 quinque
2647 1103 3024 1188 syllabas

546 1209 899 1284 excedat,
933 1209 1014 1272 in
1047 1207 1363 1272 finibus
1395 1206 1924 1293 periodorum
1975 1209 2306 1272 omnino
2356 1209 2671 1273 nullum
2722 1209 3159 1276 invenitur

1247 1315 1693 1398 exemplum
1741 1313 1947 1398 apud
1992 1313 2453 1381 Minucium.

709 1519 766 1600 β)
836 1477 1182 1575 Verbum
1230 1509 1592 1592 quinque
1638 1507 2154 1592 syllabarum
2201 1508 2327 1573 his
2378 1511 2583 1575 locis
2630 1511 2975 1596 legitur:

1719 1674 1744 1770 Ι
1783 1688 2028 1774 921(73)
2073 1686 2354 1752 fecerant
2399 1688 2860 1752 nuntiaverunt

635 1733 674 1796 2
764 1780 808 1788 -
827 1763 864 1788 υ
883 1781 926 1788 -
980 1737 988 1805 Ι
1039 1763 1320 1787 -----
1717 1775 1747 1873 l
1781 1798 1929 1878 4522
1946 1794 2117 1882 (282)
2164 1795 2440 1880 gratiam
2486 1799 2968 1860 consecuturum

639 1911 671 1974 1
763 1943 1043 1969 -----
1083 1915 1092 1990 Ι
1129 1957 1174 1965 -
1194 1939 1232 1965 υ
1249 1956 1293 1964 -
1309 1956 1352 1964 -
1374 1934 1411 1964 μ
1786 1905 1895 1986 520
1918 1902 2047 1989 (53)
2097 1901 2431 1986 diligentia
2475 1923 2868 1986 perseverare

639 2017 671 2080 1
761 2065 804 2074 ..
845 2011 853 2097 Ι
895 2049 930 2072 c
950 2064 994 2072 -
1033 2009 1042 2097 Ι
1081 2064 1123 2072 -
1164 2007 1172 2097 Ι
1211 2062 1255 2070 -
1275 2046 1312 2070 υ
1330 2062 1433 2070 --
1452 2042 1490 2070 2.)
1794 2017 1933 2093 1117
1960 2011 2087 2094 (83)
2160 2009 2231 2072 in
2292 2008 2441 2072 deos
2513 2031 2643 2072 nou
2720 2009 3151 2094 ingemescen-

875 2181 883 2195 .
2141 2115 2292 2179 dum
2338 2115 2490 2203 est2)

640 2230 670 2292 l
761 2263 862 2289 -υ
886 2277 922 2286 -
963 2222 972 2306 Ι
1010 2277 1053 2285 -
1074 2261 1169 2288 uu
1212 2221 1222 2310 Ι
1260 2276 1303 2284 -
1342 2220 1352 2308 Ι
1405 2259 1626 2286 -υ-,.
1649 2254 1684 2284 >4
1785 2227 1899 2306 60⁶
1926 2223 2098 2310 (372)
2148 2223 2497 2306 praemium
2545 2223 2813 2307 percipit
2864 2227 3009 2286 ante
3041 2245 3149 2287 ex-

1559 2413 1564 2417 ,
2138 2330 2561 2412 perimentum
2572 2329 2621 2417 2)

637 2445 669 2508 1
760 2491 804 2500 ..
825 2475 862 2500 c
881 2475 921 2499 υ
961 2437 972 2524 Ι
1011 2491 1054 2498 -
1073 2475 1108 2498 c
1151 2435 1161 2524 Ι
1199 2491 1242 2498 -
1261 2475 1299 2501 υ
1316 2490 1360 2498 -
1376 2489 1420 2497 -
1439 2467 1478 2498 »ι
1780 2439 1893 2520 491
1908 2479 1933 2517 0
1951 2436 2125 2522 (303)
2157 2435 2384 2500 flebilis
2402 2435 2627 2512 ¹hostia
2652 2436 3087 2500 immolaretur
3097 2437 3150 2523 2)

639 2553 669 2613 l
765 2582 802 2607 υ
825 2583 862 2606 υ
879 2599 923 2606 .-
939 2599 984 2608 -
1015 2543 1032 2633 Ι
1069 2598 1113 2606 -
1134 2581 1170 2605 υ
1188 2598 1231 2605 -
1247 2597 1290 2604 -
1310 2575 1348 2604 2
1789 2545 1943 2626 5724
1964 2542 2134 2630 (355)
2184 2543 2475 2606 meliores
2522 2541 3063 2627 deprehendemur

634 2678 668 2740 7

753 2792 872 2859 Sex
919 2794 1074 2859 locis
1120 2794 1288 2868 inter
1333 2793 1450 2857 hos
1514 2797 1752 2877 septem
1813 2794 2125 2858 clausulas
2187 2794 2351 2858 effici
2412 2792 2617 2857 verbis
2677 2814 2837 2875 quae
2896 2794 3150 2878 proprie
3265 2787 3269 2791 ⁵

539 2902 836 2966 dicuntur
881 2901 1501 2966 commemorandum
1547 2906 1658 2965 est.

752 3025 840 3087 De
901 3046 1018 3088 usu
1063 3045 1208 3087 vero
1254 3023 1704 3088 vocabulorum
1737 3028 1942 3088 certae
1974 3023 2298 3088 cuiusdam
2327 3024 2568 3087 formae
2599 3023 2898 3087 metricae
2931 3022 3144 3107 dispu-

531 3132 829 3195 taverunt
887 3130 944 3199 J.
991 3130 1192 3194 Wolff
1232 3130 1323 3193 De
1363 3131 1666 3195 clausulis
1713 3130 2141 3195 Ciceronianis
2189 3130 2258 3218 (J
2261 3129 2442 3198 ahrb.
2489 3132 2530 3194 f.
2561 3128 2921 3215 Philologie
2974 3134 3139 3199 1901

531 3238 732 3322 suppl.
777 3236 988 3302 XXVI
1034 3240 1164 3305 599
1223 3238 1389 3324 sqq.)
1453 3240 1517 3301 et
1561 3237 1756 3301 Andr.
1807 3238 2109 3322 Uppgren
2171 3237 2264 3301 De
2326 3240 2660 3301 verborum
2719 3235 3143 3319 peculiaribus

528 3348 594 3409 et
650 3343 922 3430 propriis
981 3344 1261 3408 numeris
1321 3344 1402 3408 ad
1461 3344 1754 3429 antiquas
1815 3344 2072 3429 linguas
2120 3347 2185 3408 et
2231 3364 2553 3407 sermones
2601 3347 2663 3406 et
2709 3342 2931 3426 poesin
2976 3341 3145 3405 faeta

529 3451 881 3535 disquisitio
927 3456 990 3514 et
1022 3450 1379 3534 disputatio
1430 3453 1678 3539 (1900),
1729 3452 1803 3516 de
1851 3473 1974 3535 quo
2024 3451 2187 3515 libro
2236 3451 2315 3519 cf.
2349 3451 2427 3514 Is.
2462 3450 2735 3534 Hilberg
2780 3447 3144 3513 Zeitschrift

523 3554 629 3619 fiir
673 3560 888 3623 iisterr.
937 3558 1322 3641 Gymnasien
1375 3565 1564 3635 1901,
1610 3580 1668 3642 p.
1720 3564 1847 3637 718
1900 3580 1990 3641 sq.

739 3814 777 3875 ι)
835 3806 1011 3878 Signa
1059 3822 1416 3876 apponemus
1467 3823 1533 3861 ea
1585 3824 1731 3874 quae
1783 3806 2206 3861 commendavit
2242 3806 2513 3861 Zielinski
2566 3807 2680 3861 Das
2717 3808 3140 3879 Klauselgesetz

517 3897 579 3950 in
619 3895 839 3951 Ciceros
875 3894 1068 3949 Reden
1108 3912 1162 3964 p.
1202 3899 1271 3953 13
1310 3912 1392 3963 sq,

734 4005 775 4076 2)
831 4002 1001 4056 Elisio
1041 4018 1215 4069 quam
1253 4000 1496 4056 dicimus
1535 4018 1755 4071 semper
1790 4002 2122 4055 observatur
2160 4001 2223 4054 in
2250 4000 2486 4055 Minucii
2510 4002 2675 4062 libro,
2715 4001 2829 4055 nisi
2854 4020 3013 4055 mora.
3038 4003 3139 4056 ali-

517 4109 632 4162 qua
667 4091 970 4147 intercedit
1004 4092 1155 4144 inter
1190 4092 1382 4157 verba,
1421 4108 1664 4159 quorum
1703 4090 1928 4145 vocales
1966 4092 2343 4151 concurrunt;
2400 4090 2469 4143 cf.
2510 4088 2599 4149 W,
2627 4090 2818 4158 Meyer
2846 4090 2994 4151 Gott.
3023 4092 3136 4161 gel.

513 4170 653 4235 Anz.
682 4186 822 4239 1893
861 4199 916 4251 p.
941 4186 1026 4238 16.
1066 4180 1338 4235 Similiter
1363 4178 1636 4233 Zielinski
1673 4184 1749 4253 (p.
1775 4184 1864 4246 28)
1905 4179 1975 4233 de
2001 4178 2267 4233 Cicerone
2305 4178 2541 4233 statuit:
2579 4178 2691 4233 Der
2716 4179 2854 4233 Hiat
2890 4179 3033 4233 wird
3070 4178 3133 4233 in

513 4270 625 4325 den
661 4270 936 4324 Klauseln
973 4269 1152 4323 durch
1190 4268 1410 4323 Elision
1449 4270 1789 4334 vermiedcn,
1830 4271 1888 4323 et
1925 4266 2083 4323 Blass
2121 4267 2225 4322 Die
2266 4266 2594 4336 Rhythmen
2634 4267 2734 4323 der
2777 4268 3133 4323 asianischen

511 4360 633 4415 und
682 4359 1001 4413 romischen
1040 4360 1395 4429 Kunstprosa
1432 4363 1566 4418 103:
1620 4358 1689 4415 cf.
1731 4358 1840 4413 Cic.
1882 4356 1973 4413 Or.
2014 4362 2146 4416 150:
2212 4357 2366 4427 quod
2420 4358 2652 4428 quidem
2690 4357 2895 4411 Latina
2932 4356 3133 4428 lingua,

509 4448 589 4503 sic
640 4449 917 4514 observat,
968 4463 1134 4501 nemo
1187 4450 1254 4501 ut
1304 4450 1422 4502 tam
1474 4447 1718 4503 rusticus
1770 4446 1847 4502 sit
1892 4447 1996 4518 qui
2046 4447 2269 4502 vocales
2319 4448 2468 4501 nolit
2504 4446 2867 4517 coniungere.
2940 4447 3132 4517 Repri-

507 4539 712 4593 menda
749 4536 929 4609 igitur
967 4540 1052 4592 est
1091 4538 1373 4597 sententia.
1413 4554 1588 4607 quam
1626 4537 1861 4593 Norden
1900 4538 2145 4608 protulit
2183 4536 2336 4592 Gott.
2377 4538 2488 4609 gel.
2529 4538 2669 4593 Anz.
2711 4542 2853 4596 1904
2898 4556 2953 4607 p.
2994 4542 3132 4605 3102

506 4626 712 4681 Hiatus
747 4626 809 4681 in
849 4626 948 4681 der
988 4626 1212 4681 Clausel
1247 4626 1325 4680 ist
1361 4627 1452 4679 fiir
1491 4625 1778 4680 Minucius
1816 4626 2105 4681 dui-chaus
2141 4627 2407 4697 regulam
2446 4643 2636 4696 neque
2675 4644 2907 4697 possum
2934 4628 3129 4681 adsen-

491 4715 600 4769 tiri
623 4708 873 4783 Wolffioss
913 4715 1017 4785 qui
1054 4714 1156 4787 (De
1196 4714 1462 4770 clausulis
1489 4714 1870 4770 Ciceronianis
1908 4733 1965 4785 p.
1991 4720 2123 4787 648)
2162 4734 2317 4771 more
2348 4716 2561 4772 Graeco
2600 4716 2857 4772 vocalem
2895 4716 3128 4787 longam

503 4805 854 4860 desinentem
891 4804 1182 4860 interdum
1221 4804 1430 4874 corripi
1468 4804 1764 4859 contendit
1797 4807 1933 4861 ante
1970 4808 2303 4875 sequentem
2343 4807 2620 4867 vocalem,
