3634 5300
1397 1752 1710 1866 Pars
1785 1762 2160 1898 prior.

798 2120 900 2215 A.
986 2117 1110 2214 De
1179 2117 1624 2213 clausulis
1690 2097 2285 2235 periodorum
2349 2117 2763 2214 Minucii.

695 2385 760 2450 Si
806 2385 948 2467 quis
995 2383 1158 2448 forte
1203 2383 1487 2464 miratur,
1537 2382 1707 2466 quod
1754 2381 2018 2446 Minucii
2064 2382 2377 2446 clausulas
2422 2402 2542 2466 ego
2588 2385 2923 2466 postquam
2970 2405 3091 2446 nu-

482 2493 750 2574 perrime
811 2490 886 2554 de
945 2489 1161 2556 eadem
1221 2511 1290 2552 re
1337 2488 1648 2553 Henricus
1697 2490 2067 2573 Bornecque
2113 2488 2246 2573 egit
2295 2489 2408 2575 (Le
2454 2489 2667 2552 Musee
2713 2487 2904 2572 Belge
2951 2487 3088 2565 VII,

485 2604 610 2668 247
665 2617 837 2681 sqq.:
932 2597 1050 2661 Les
1096 2595 1404 2660 clausules
1463 2595 1803 2680 metriques
1850 2596 2009 2660 dans
2053 2595 2366 2661 Minucius
2414 2594 2649 2684 Felix1)
2711 2615 2843 2659 non
2890 2595 3095 2662 solur'n

483 2708 930 2789 perscrutatuS‚
980 2704 1086 2768 sed
1135 2704 1572 2787 quaestionem
1618 2724 1822 2767 meam
1871 2704 2055 2767 etiam
2106 2702 2176 2766 in
2222 2702 2480 2787 publico
2526 2723 2877 2787 proponere
2909 2700 3095 2766 ausus

483 2834 642 2890 sum,
689 2810 811 2874 hoc
857 2832 930 2878 ea
975 2810 1050 2874 de
1096 2832 1284 2875 causa
1329 2809 1548 2873 doctos
1581 2831 1764 2893 spero
1797 2803 2315 2894 comprobaturos
2344 2831 2496 2888 esse,
2529 2807 2697 2892 quod
2728 2808 3097 2893 Bornecque

485 2920 674 3003 plane
722 2917 1032 2982 diversam
1078 2917 1243 2980 viam
1292 2938 1364 2981 ac
1409 2918 1721 2980 rationem
1769 2917 1839 2980 in
1884 2916 2005 2981 hac
2049 2916 2582 2980 commentatione
2629 2915 2793 2979 sicut
2837 2914 2907 2979 in
2957 2937 3095 2979 om-

485 3025 676 3089 nibus
723 3022 946 3089 similis
993 3006 1356 3107 argumenti
1400 3025 1648 3090 secutus
1695 3025 1806 3098 est,
1854 3021 2171 3087 Minucius
2215 3024 2445 3099 autem,
2495 3042 2685 3105 quem
2729 3019 3102 3085 elocutionis

488 3132 644 3197 scite
693 3130 1139 3215 per-poliendae
1185 3129 1718 3195 studiosissimum
1764 3128 1958 3193 fuisse
2004 3132 2271 3207 constat,
2316 3133 2567 3212 praeter
2603 3130 2841 3194 ceteros
2872 3125 3105 3211 dignus

493 3236 770 3316 videtur,
819 3238 997 3301 cuius
1045 3235 1326 3319 undique
1371 3237 1835 3321 perspiciantur
1879 3235 2167 3305 lumina..
2203 3235 2281 3299 In
2328 3236 2480 3299 locis
2526 3236 2735 3297 autem
2781 3234 2913 3298 eius
2958 3254 3105 3317 pro-

493 3342 768 3405 ferendis
813 3343 1106 3419 editione,
1155 3362 1346 3424 quam
1395 3342 1643 3426 Boenig
1673 3341 1961 3417 confecit,
1994 3344 2069 3405 ut
2097 3340 2589 3427 recentissima2)
2638 3339 2730 3403 ita
2758 3362 2911 3404 usus
2942 3362 3101 3417 sum,

497 3450 568 3511 ut
633 3447 765 3510 eius
826 3450 1204 3531 paginarum
1273 3468 1690 3530 versuumque
1755 3469 2052 3511 numeros
2111 3447 2471 3525 indicarem,
2552 3446 2899 3513 subicerem
2962 3467 3107 3511 vero

497 3574 792 3617 numeros
838 3555 1117 3635 capitum
1165 3557 1228 3618 et
1271 3554 1813 3639 paragrapborum
1861 3552 2159 3617 editionis
2205 3552 2597 3617 Halmianae.

719 3875 756 3938 ι)
813 3869 998 3923 Multo
1048 3868 1221 3937 plura
1271 3886 1362 3928 me
1411 3868 1674 3922 didicisse
1725 3870 1995 3938 profiteor
2044 3886 2110 3923 ex
2148 3870 2403 3925 eiusdem
2440 3871 2689 3926 hominis
2727 3870 2881 3925 docti
2920 3869 3115 3935 verbis,

500 3974 650 4029 quae
702 3958 917 4027 scripta
969 3959 1104 4011 sunt
1153 3957 1217 4011 in
1255 3958 1400 4013 Mus.
1438 3958 1618 4013 Rhen.
1656 3958 1850 4026 LVIII,
1889 3964 1991 4017 371
2032 3978 2113 4029 sq,
2152 3960 2303 4034 (Wie
2341 3960 2445 4016 soll
2481 3977 2615 4014 man
2654 3960 2745 4014 die
2782 3958 3117 4013 meti-ischen

503 4048 775 4103 Klauseln
829 4046 1114 4101 studieren
1133 4050 1206 4118 ?);
1273 4048 1343 4101 cf.
1396 4064 1543 4116 quae
1595 4047 1664 4101 de
1715 4048 2058 4117 Bornecquii
2109 4050 2270 4103 libris
2319 4048 2603 4103 iudicavit
2666 4046 2939 4101 Zielinski
3006 4048 3119 4101 Das

505 4136 929 4207 Klauselgesetz
978 4135 1040 4189 in
1080 4136 1302 4191 Ciceros
1341 4136 1536 4191 Reden
1587 4156 1642 4207 p.
1681 4142 1782 4194 23:
1834 4137 1966 4193 Sein
2002 4138 2208 4193 Fehler
2258 4138 2403 4209 liegt
2436 4138 2499 4191 in
2551 4137 2650 4191 der
2687 4136 2983 4199 Methode3
3044 4152 3120 4191 an

504 4224 597 4279 die
636 4224 981 4293 Worttypen
1033 4226 1320 4295 gefesselt,
1371 4226 1747 4296 zersplitterte
1800 4226 1920 4281 sich
1958 4228 2050 4282 die
2086 4228 2499 4297 Beobachtung
2538 4226 2657 4280 und
2696 4226 2917 4279 lieferte
2956 4225 3123 4279 meist

508 4314 776 4383 negative
825 4314 1120 4367 Resultate
1158 4354 1388 4374 .....
1402 4337 1414 4376 ;
1484 4315 1602 4368 und
1655 4316 1804 4370 auch
1856 4332 1944 4369 wo
1998 4314 2124 4369 eine
2163 4314 2456 4369 wertvolle
2490 4314 2831 4369 Restriction
2869 4312 3122 4385 moglich

509 4418 640 4469 war,
679 4403 838 4456 kann
877 4402 978 4456 der
1012 4402 1306 4457 Verfasser
1342 4402 1489 4458 doch
1527 4403 1738 4459 keinen
1777 4403 1979 4457 Grund
2017 4403 2206 4458 davon
2244 4404 2499 4472 angeben
2538 4404 2659 4457 und
2697 4405 2827 4456 muss
2867 4402 2957 4457 bei
2995 4401 3123 4455 dem

505 4491 707 4544 blossen
745 4491 983 4545 Factum
1022 4491 1264 4551 bleiben,
1470 4501 1474 4505 '
2400 4506 2403 4508 ’

728 4622 766 4682 2)
824 4615 898 4677 M,
940 4614 1178 4670 Minucii
1213 4615 1418 4669 Felicis
1455 4614 1740 4675 Octavius.
1782 4615 2090 4673 Recensuit
2126 4617 2185 4669 et
2222 4615 2516 4685 praefatus
2555 4616 2641 4669 est
2676 4616 2865 4675 Herm,
2893 4614 3126 4684 Boenig.

512 4704 736 4775 Lipsiae
787 4703 849 4757 in
899 4704 1134 4758 aedibus
1185 4704 1248 4759 B.
1302 4703 1367 4759 G.
1420 4704 1704 4759 Teubneri
1749 4708 1908 4762 1903.
1981 4702 2064 4757 De
2117 4720 2231 4772 quo
2269 4704 2414 4758 libro
2452 4705 2533 4759 ita
2570 4702 2851 4757 iudicavit
2886 4702 2948 4764 E.
2988 4702 3129 4758 Nor-

514 4792 627 4845 den
667 4792 922 4861 Gotting.
963 4791 1084 4845 Gel.
1123 4794 1262 4848 Anz.
1304 4796 1446 4849 1904
1481 4810 1538 4862 p.
1576 4796 1681 4850 293
1718 4809 1801 4860 sq.
1841 4795 1909 4847 ut
1943 4791 2153 4846 mirum
2193 4794 2475 4859 quantum
2512 4790 2670 4845 lucis
2696 4790 2959 4846 adferret.
2999 4818 3007 4825 ·

2845 4899 2913 4951 1*
