3634 5300
1583 217 2026 280 ...37—

495 390 760 457 iubeant
805 393 917 454 aut
945 391 1208 474 longam
1239 389 1550 472 syllabam
1584 391 1697 454 aut
1717 388 1947 452 ambas
1977 388 2199 453 breves
2232 387 2541 472 syllabas“
2584 390 2744 473 (1(1)
2776 425 2839 450 ψ
2861 427 2896 452 υ
2916 443 3017 454 ....
3041 390 3122 473 2).

500 499 591 562 De
641 498 846 561 forma
903 480 1029 566 4E‘
1073 495 1138 560 id
1199 498 1296 560 est
1341 495 1418 558 de
1464 496 1674 560 ionico
1723 517 1761 558 a
1807 497 2045 559 maiore
2090 499 2201 559 aut
2246 516 2485 577 paeone
2532 495 2805 560 secundo
2853 500 2963 566 aut
3023 495 3120 558 di-

497 603 708 669 iambo
768 603 923 667 haec
988 601 1283 666 discimus
1330 624 1408 666 ex
1455 601 1732 666 eiusdem
1779 600 1931 664 libri
1975 623 2033 684 p.
2081 607 2168 672 43
2182 587 2283 686 43⁴:
2365 601 2495 680 „De
2538 600 2637 676 his
2684 583 2947 685 pedibus
2992 601 3122 665 fere

497 711 675 774 nulla
721 709 960 773 mentio
1007 707 1177 772 facta
1223 711 1336 786 est,
1387 708 1553 792 quia,
1602 715 1673 772 ut
1718 707 1963 793 opinor,
2010 728 2266 790 perraro
2317 729 2422 771 eos
2454 705 2885 772 adhibuerunt
2914 709 3115 792 scrip-

497 823 685 894 toreS,
751 817 866 898 qui.
927 813 1009 879 ad
1075 815 1268 879 finem
1333 837 1550 880 versus
1617 815 1945 879 vitandum
2013 835 2258 898 semper
2321 814 2607 878 animum
2683 813 3116 883 intendebant.

497 922 742 987 Probus
796 925 1052 986 tantum
1130 921 1309 984 Bassi
1371 921 1796 986 aemulatione
1862 919 2029 984 inter
2090 918 2580 1002 compositiones
2641 920 2862 984 laudat
2926 941 3120 1004 spon-

500 1029 688 1093 deum
737 1036 798 1094 et
844 1050 1150 1114 paeonem
1199 1028 1548 1093 secundum
1595 1032 1667 1092 ut
1711 1028 1919 1092 ultis
1964 1019 2493 1092 recesserant
2537 1025 2630 1112 (id
2677 1035 2773 1091 est
2817 1031 2960 1112 4a),
3008 1032 3121 1092 aut

495 1139 914 1220 anapaestum
960 1138 1025 1198 et
1067 1156 1376 1219 paeonem
1424 1134 1800 1200 secundum“
1846 1137 2031 1220 (oo-
2072 1133 2081 1223 Ι
2124 1173 2339 1197 υ-υυ
2374 1167 2461 1187 --—-
2492 1137 2619 1219 4a).
2666 1132 2824 1197 Inde
2856 1143 3123 1218 apparet

497 1242 719 1306 formis
775 1243 877 1312 lE
926 1246 988 1306 et
1033 1243 1142 1310 4ss
1208 1241 1396 1304 nudis
1460 1263 1594 1306 non
1640 1263 1772 1306 esse
1820 1240 2052 1305 locum·
2076 1240 2147 1304 in
2193 1239 2488 1304 clausulis
2535 1241 2810 1324 optimae
2858 1239 3111 1323 quidem

499 1347 883 1424 Latinitatis,
931 1348 1165 1413 nedum
1212 1347 1471 1411 laudare
1517 1347 1706 1412 liceat
1735 1348 2003 1412 formam
2039 1349 2142 1417 ΒΕ
2176 1350 2240 1433 (2
2261 1403 2303 1410 -
2324 1351 2406 1432 21),
2454 1347 2824 1431 praesertim
2857 1368 3001 1411 cum
3048 1368 3114 1411 re

502 1477 666 1532 vera,
701 1456 767 1519 id
814 1454 982 1537 quod
1021 1454 1141 1518 iam
1175 1453 1308 1538 ipse
1339 1453 1556 1518 Kauer
1585 1454 1865 1540 ingenue
1897 1454 2223 1529 concessit,
2258 1452 2595 1538 rhythmus
2628 1456 2834 1517 certus
2866 1454 3115 1518 clausu-

502 1562 709 1625 larum
764 1594 984 1626 oenin
1033 1563 1096 1624 et
1150 1592 1431 1626 magon
1481 1562 1582 1624 vix
1621 1561 1748 1624 iam
1781 1559 2021 1644 percipi
2050 1561 2268 1645 possit.
2319 1558 2481 1640 Quid
2514 1559 2763 1644 igitur?
2811 1559 3120 1647 Equidem

507 1669 576 1732 in
625 1669 754 1731 ulla
816 1664 1072 1750 periodo
1133 1669 1402 1731 exeunte
1448 1663 1798 1731 Minucium
1860 1667 2279 1751 antispastum
2328 1665 2607 1750 posuisse
2656 1667 2782 1729 nisi
2828 1667 2953 1730 alia
2998 1670 3122 1730 iam

499 1772 782 1838 clausula
841 1773 1242 1854 antecederet
1301 1771 1648 1858 praefracte
1694 1795 1880 1860 neg0.
1973 1773 2168 1859 Atqui
2216 1794 2360 1836 cum
2406 1773 2594 1837 huius
2642 1773 2961 1856 clausulae
3008 1796 3122 1836 an-

503 1879 848 1945 tecedentis
896 1880 1141 1963 syllaba
1201 1879 1446 1957 ultima,
1508 1904 1635 1965 qua
1697 1902 1942 1966 semper
1986 1880 2361 1945 vocabulum
2409 1879 2653 1962 finitur,
2702 1879 2941 1964 optimo
2990 1881 3123 1943 iure

500 2007 729 2070 anceps
777 1985 996 2050 haberi
1045 1987 1262 2070 possit,
1309 2008 1429 2072 ego
1475 1987 1693 2052 malim
1741 1987 2125 2053 contendere
2185 1988 2372 2052 istam
2419 1986 2731 2070 syllabam
2780 1986 3123 2071 ancipitem

501 2092 765 2157 eandem
815 2115 954 2156 cum
1006 2095 1357 2178 antispasto
1404 2095 1496 2158 ita
1541 2116 1672 2159 esse
1720 2094 2236 2179 coniungendam
2283 2098 2355 2158 ut
2386 2093 2659 2177 primum
2694 2093 3118 2158 clausularum

499 2220 700 2283 genus
765 2201 1024 2267 oriatur.
1118 2198 1260 2263 Hoc
1321 2198 1508 2264 modo
1570 2200 1625 2264 si
1671 2200 2016 2264 clausulam
2080 2199 2271 2284 primi
2332 2199 2583 2285 generis
2606 2182 2922 2283 'duplices
2984 2200 3123 2263 effi-

501 2307 664 2369 citur
707 2305 863 2369 haec
909 2306 1114 2369 forma
1158 2339 1694 2382 -o-..no--g,
1743 2306 1843 2369 vel
1889 2306 2107 2390 11÷1
2152 2330 2765 2383 -u--uzu--23
2812 2307 2940 2369 tale
2972 2304 3124 2390 quid

501 2411 630 2475 iam
660 2433 850 2496 supra
896 2415 981 2497 (p.
1015 2416 1170 2488 2223
1217 2413 1380 2481 conf.
1415 2417 1538 2481 29⁸
1583 2416 1648 2476 et
1692 2419 1779 2482 34
1826 2417 1944 2498 sq.)
1992 2416 2262 2476 statuere
2308 2413 2650 2496 potuimuS,
2700 2415 2763 2475 et
2806 2412 3122 2476 clausulae

502 2519 674 2582 illius
719 2517 894 2582 modi
939 2517 1040 2582 his
1088 2518 1244 2581 locis
1291 2518 1694 2602 reperiuntur
1743 2519 2019 2585 Octavii:
2269 2510 2272 2513 ¹

723 2664 951 2747 1011(7
967 2664 1026 2746 4)
1075 2660 1332 2726 Crassus
1378 2666 1442 2726 et
1486 2662 1718 2753 meruit
1764 2667 1828 2726 et
1874 2664 2085 2727 inrisit
2132 2666 2237 2748 (1³
2273 2669 2351 2745 ›l-
2391 2666 2454 2747 1)

726 2770 1074 2853 1523616)
1123 2771 1504 2852 spontaneos
1551 2790 1776 2853 cupere
1826 2770 1934 2833 sed
1980 2769 2209 2834 electos
2262 2774 2335 2837 13
2368 2775 2449 2852 —l—
2492 2772 2554 2853 1)

721 2880 843 2959 50,
856 2877 1077 2960 5(313)
1124 2874 1399 2947 libenter
1444 2879 1509 2939 et
1554 2875 1766 2960 legitis
1797 2880 1879 2944 ¹et
1924 2875 2157 2940 auditis
2205 2878 2309 2961 (13
2345 2879 2423 2959 -l-
2464 2878 2530 2960 1)

637 3053 643 3059 ,
722 2984 1028 3066 1012(75)
1077 2982 1350 3066 neglego
1400 2983 1578 3066 (εἰσί)
1628 2970 1910 3046 carmina
1954 2986 2285 3066 poetarum
2332 2986 2399 3067 (2
2438 2988 2515 3065 -†—
2556 2985 2621 3067 1)

721 3090 989 3173 623658)
1037 3087 1279 3152 artifice
1325 3110 1442 3153 nec
1488 3087 1694 3153 iudice
1741 3056 1857 3167 nec
1903 3094 2156 3154 auctore
2204 3092 2310 3174 (21
2344 3095 2424 3172 -l—
2464 3092 2529 3173 1)

723 3197 1042 3280 501(306)
1090 3193 1370 3259 hominis
1415 3197 1482 3259 et
1527 3195 1762 3260 viscere
1792 3181 2135 3281 {saginatas
2183 3199 2251 3282 (2
2279 3204 2301 3240 1
2336 3201 2413 3276 -ι-
2458 3199 2520 3281 1)

734 3305 1037 3387 1013(75)
1087 3302 1308 3367 civitas
1355 3306 1421 3366 et
1465 3304 1827 3389 protegitur
1871 3308 1935 3367 et
1980 3306 2248 3368 ornatur
2294 3307 2469 3389 (eret.
2509 3307 2589 3384 -Ι-
2622 3301 2746 3371 '3b3
2781 3307 2862 3385 -l-
2902 3304 2964 3385 1)

722 3410 1080 3493 4814296)
1128 3412 1336 3494 partes
1382 3409 1653 3475 forsitan
1699 3409 1981 3475 adoratis
2031 3410 2161 3495 (4b
2196 3416 2276 3492 -l-
2318 3412 2381 3495 1)

723 3516 1078 3599 4916(3O4)
1125 3514 1403 3579 hominis
1451 3516 1762 3602 sanguine
1809 3516 2145 3602 saginatur
2192 3515 2354 3601 (4bl
2389 3522 2470 3597 ‘¹s·
2512 3519 2573 3600 1)
2609 3518 2654 3600 ¹)

734 3626 807 3689 17
821 3623 1046 3706 7(126)
1095 3641 1228 3685 non
1274 3642 1500 3705 corpus
1549 3621 1851 3686 odoribus
1897 3621 2253 3686 honestatis
2300 3625 2417 3708 (40
2452 3627 2531 3704 -4-
2575 3626 2636 3707 1)

721 3763 958 3826 Iterum
992 3763 1299 3827 admoneo
1331 3749 1414 3827 ne
1448 3763 1588 3846 quis
1619 3764 1736 3829 has
1768 3764 2085 3829 clausulas
2116 3763 2385 3849 simplici
2417 3763 2656 3828 formae
2695 3767 2764 3830 11
2807 3794 3129 3825 oooooo

507 3868 840 3947 adscribat,
889 3876 1112 3933 contra
1157 3868 1334 3933 cuius
1379 3869 1575 3934 ictum
1620 3871 1955 3936 metricum
1994 3875 2293 3935 accentus
2324 3871 2660 3935 verborum
2697 3869 3129 3941 harumclau-

506 3973 789 4039 sularum
835 3976 1135 4039 acerrime
1181 3978 1514 4061 pugnaret.

720 4170 774 4233 V
792 4171 851 4255 c)
899 4170 1169 4235 Restant
1216 4170 1496 4255 quinque
1543 4173 1613 4235 in
1660 4170 1914 4258 dialogo
1947 4172 2211 4237 Minucii
2259 4171 2597 4251 clausulae,
2645 4191 2912 4254 quarum
2946 4175 3129 4254 quat-

507 4278 652 4339 tuor
698 4276 1039 4341 offensioni
1085 4279 1237 4340 sunt
1282 4278 1431 4361 quia
1480 4282 1796 4343 versum'
1842 4278 2169 4343 redolent:

597 4420 824 4503 31(31)
871 4418 1049 4482 Tunc
1081 4419 1376 4485 Octavius
1410 4421 1501 4485 ait
1546 4424 1613 4507 (-
1652 4422 1663 4507 Ι
1702 4460 1863 4484 --υ
1905 4423 1914 4508 Ι
1957 4459 1993 4483 o
2016 4460 2052 4484 o
2102 4421 2252 4484 dum
2284 4421 2469 4484 modo
2504 4420 2679 4504 legas
2722 4419 3127 4503 „Octavjus“;

870 4580 912 4587 -
953 4526 964 4611 Ι
1002 4580 1104 4588 --
1128 4564 1165 4587 w
1188 4563 1226 4588 υ
1268 4530 1276 4611 Ι
1315 4582 1359 4589 -
1401 4528 1456 4591 si
1504 4528 1692 4592 liceat
1737 4532 1829 4591 ait
1874 4549 1987 4611 per
2035 4527 2372 4611 synizesim
2419 4527 2656 4612 legere)

727 4684 763 4752 ¹)
822 4681 933 4735 Ubi
971 4685 1198 4752 praeter
1249 4685 1720 4740 consuetudinem
1759 4652 2002 4739 Minucii
2055 4685 2243 4754 prima
2294 4684 2517 4755 syllaba
2562 4682 2852 4737 clausulae
2895 4682 3014 4737 IVb
3050 4700 3131 4736 so-

507 4767 634 4821 luta
672 4772 774 4824 est.
