3634 5300
1598 257 1997 320 --9—

588 436 619 498 1
714 485 757 493 -
804 429 814 517 Ι
864 467 962 494 c..
1017 429 1026 516 Ι
1081 468 1116 492 υ
1172 431 1182 517 Ι
1234 463 1394 494 --ἕι
1611 433 2004 517 3313(2110)
2054 435 2263 494 ortum
2311 428 2506 494 habet
2552 453 2670 498 nec
2716 453 3003 498 occasum

588 540 622 603 1
713 591 757 598 .-
807 537 814 623 Ι
868 573 1089 599 -..υ-
1143 540 1151 618 Ι
1207 573 1245 598 υ
1298 537 1308 626 Ι
1361 571 1521 601 --2
1613 543 1682 622 95
1702 540 1846 624 (63)
1893 560 2027 602 non
2072 536 2447 622 infringitur
2492 537 2601 602 sed
2648 547 2917 625 augetur
2985 611 2993 618 ,

586 646 620 709 1
718 680 996 705 -----
1050 644 1059 731 Ι
1115 680 1153 705 υ
1209 643 1218 726 Ι
1271 676 1432 707 --ιι
1613 648 1969 731 2016061)
2016 644 2403 710 vacillaverit
2448 667 2559 728 per
2604 666 2877 710 errorem

587 756 621 817 1
718 788 817 813 υ-
857 751 865 838 Ι
906 805 948 813 -
1001 751 1012 839 Ι
1069 789 1106 813 υ
1161 753 1171 839 Ι
1223 785 1384 816 --ε
1619 756 1977 840 48166297)
2025 774 2237 818 cruces
2285 759 2438 817 sunt
2482 757 2547 818 et
2593 757 2854 820 ornatae

589 866 618 926 1
712 913 816 922 .-.-
871 859 879 946 Ι
936 897 974 923 υ
1029 863 1040 946 Ι
1091 893 1254 924 --u
1617 864 2012 948 3719(2312)
2060 862 2309 945 lignum
2356 861 2455 924 vel
2502 865 2836 947 argentum

587 972 620 1034 1
713 1022 871 1030 --..
925 969 934 1052 Ι
991 1004 1028 1029 υ
1085 966 1094 1052 Ι
1147 999 1309 1030 --μ
1616 971 1935 1055 282095)
2001 967 2329 1032 infinitum
2405 971 2468 1032 et
2531 967 2911 1033 immensum
2976 971 3112 1057 (per

1485 1091 1494 1098 ⁴
1820 1078 2047 1162 synal.)

588 1189 621 1252 1
718 1208 860 1246 cc-
913 1181 924 1271 Ι
981 1221 1018 1245 υ
1075 1182 1084 1268 Ι
1137 1215 1300 1246 --ιι
1623 1186 1981 1270 4812(296)
2030 1182 2299 1280 colimus
2344 1204 2462 1248 nec
2509 1185 2803 1267 optamus

588 1314 622 1374 7
662 1314 740 1388 -Ι-
779 1314 818 1376 2
867 1342 953 1364 =
998 1313 1042 1377 9

631 1541 693 1623 β)
759 1537 1178 1604 Inciditur
1222 1543 1408 1624 post
1453 1538 1791 1622 primam
1840 1542 1918 1602 et
1962 1538 2295 1603 tertiam
2347 1536 2768 1622 syllabam.
2820 1539 2989 1622 (Ῑβδ)

591 1740 622 1802 1
718 1788 758 1796 -
801 1735 809 1820 Ι
854 1772 954 1798 υ-
1005 1737 1016 1814 Ι
1071 1771 1170 1796 υ-
1223 1734 1234 1819 Ι
1285 1771 1388 1796 -υ
1679 1735 1999 1817 322(213)
2046 1735 2267 1816 postea
2312 1730 2479 1794 Iovis
2524 1734 2780 1816 gentem

590 1846 618 1907 1
714 1896 756 1903 -
797 1839 806 1928 Ι
849 1877 950 1904 υ-
1001 1844 1010 1930 Ι
1068 1879 1166 1904 u-
1219 1841 1228 1928 Ι
1281 1879 1383 1904 „c
1676 1847 1760 1910 48
1775 1843 1995 1926 3(294)
2044 1843 2211 1904 certe
2250 1838 2444 1902 homo
2477 1843 2573 1902 est
2602 1838 2753 1902 velit
2786 1837 2948 1902 nolit
2979 1837 3115 1926 (per

1900 1946 2128 2035 synal.)
2208 1979 2212 1982 ·

588 2061 622 2122 1
716 2092 876 2117 -υυ
918 2054 928 2142 Ι
971 2092 1008 2116 υ
1061 2053 1071 2142 Ι
1122 2110 1165 2118 ..
1219 2056 1226 2143 Ι
1282 2093 1381 2118 υ.-
1435 2055 1444 2143 Ι
1496 2093 1599 2118 -υ
1675 2056 2034 2140 4623(287)
2083 2053 2339 2117 stultior
2389 2054 2457 2115 ut
2504 2051 2627 2115 hoc
2672 2052 2791 2115 coli
2839 2051 3049 2116 credat

589 2167 623 2228 1
720 2186 858 2224 ccc
913 2162 924 2248 Ι
978 2200 1076 2225 υ-
1129 2162 1140 2250 Ι
1196 2201 1295 2225 υ..
1349 2161 1510 2248 Ι...υ
1649 2163 2002 2246 52106322)
2049 2160 2305 2226 reiciam
2356 2159 2415 2222 ei
2460 2181 2645 2223 suum
2692 2180 2922 2223 munus

588 2274 620 2335 1
713 2323 815 2331 --
857 2271 866 2355 Ι
910 2305 1011 2331 υ-
1063 2269 1072 2356 Ι
1125 2324 1226 2332 --
1311 2281 1318 2286 “
1671 2270 2064 2353 5525(3412)
2112 2269 2297 2331 tanto
2332 2267 2537 2351 magis
2568 2264 2808 2329 iustum
2837 2269 2932 2330 est
2978 2266 3116 2352 (per

1415 2384 1430 2392 ”
1815 2392 1823 2396 ·
1885 2373 2109 2457 synal.)
2232 2385 2237 2392 '
2364 2387 2369 2393 ’

584 2544 624 2604 2
931 2531 940 2618 Ι
1149 2535 1158 2619 Ι
1617 2483 2028 2646 Ι2811Ο97)
2077 2484 2400 2568 negantur
2447 2479 2633 2544 deum
2678 2499 2863 2543 nosse

719 2573 876 2597 vn
997 2570 1095 2596 υ-
1212 2588 1313 2596 ““
1674 2590 2066 2674 6113631710)
2113 2590 2411 2673 parentes
2458 2589 2603 2650 tuos
2650 2584 2871 2650 laudas

1677 2698 1961 2785 3620(23
1974 2698 2032 2782 5)
2080 2694 2355 2759 Admeto
2401 2716 2588 2780 pecus
2634 2694 2839 2779 pascit

583 2756 624 2817 2
713 2803 877 2811 ”““
931 2758 942 2837 Ι
997 2786 1095 2811 ⁹-
1149 2748 1157 2836 Ι
1211 2780 1312 2811 ’Ξ
1675 2805 2034 2888 3815(243)
2083 2803 2339 2867 vicatim
2388 2802 2537 2865 deos
2585 2800 2825 2866 ducunt
2851 2804 2899 2887 1)

492 2979 498 2985 ,
587 2916 620 2977 1
681 2964 816 2993 ,..-
869 2910 878 2994 Ι
931 2964 973 2972 .-
1025 2909 1038 2995 l
1092 2945 1193 2971 υ-
1244 2909 1254 2996 Ι
1307 2962 1409 2971 --.
1568 2910 1573 2916 ’
1664 2912 1942 2995 3310(·21
1966 2912 2062 2995 10)
2111 2909 2227 2973 etsi
2274 2910 2401 2972 iam
2448 2929 2628 2972 senes
2678 2908 2907 2972 nolunt

588 3022 620 3082 1
713 3069 757 3077 -
809 3018 819 3101 Ι
871 3070 914 3078 .-
969 3020 979 3097 Ι
1034 3070 1078 3079 .-
1131 3016 1142 3101 Ι
1199 3053 1299 3077 υ-
1350 3015 1360 3103 Ι
1413 3069 1515 3079 ...-
1668 3018 1989 3102 389(242)
2039 3036 2115 3079 ex
2160 3014 2262 3079 his
2311 3027 2473 3098 quae
2517 3016 2749 3079 timent
2793 3018 3034 3078 norunt

490 3127 707 3225 -1-
713 3160 996 3185 -----
1051 3121 1060 3208 Ι
1115 3158 1214 3185 υ-
1267 3123 1276 3209 Ι
1328 3176 1431 3185 --
1675 3124 2027 3208 1620023)
2076 3121 2510 3186 condicionem
2558 3126 2733 3186 tuam
2781 3122 2979 3186 sentis

544 3251 624 3314 12

689 3392 752 3471 γ)
814 3388 1231 3452 Inciditur
1278 3393 1465 3453 ante
1512 3393 1590 3453 et
1635 3395 1824 3473 post
1868 3388 2207 3453 mediam
2257 3388 2681 3473 syllabam.
2730 3392 2911 3475 (173)

584 3572 626 3633 9
715 3606 814 3629 -V
869 3568 879 3652 l
930 3621 974 3629 -
1026 3568 1036 3653 Ι
1088 3599 1188 3629 -Ξ
1409 3570 1701 3652 114(13);
1769 3569 2126 3652 2019062)
2152 3570 2235 3652 2)ἷ
2305 3569 2695 3653 2531(187)3
2761 3568 3111 3651 2630803

1581 3676 1928 3759 513(315);
1963 3676 2309 3760 531(325);
2342 3676 2691 3759 541(331);
2725 3674 3106 3757 5711(35„);

1579 3782 1898 3865 59⁶(367)

591 3888 619 3950 1
716 3922 871 3947 0-0
926 3888 937 3972 Ι
987 3940 1031 3949 -
1085 3889 1094 3968 Ι
1146 3942 1249 3949 ..-
1403 3889 1638 3973 88(61)
1688 3886 1919 3950 habere
1966 3887 2063 3951 vel
2111 3908 2291 3973 reges

541 4032 623 4094 10

715 4279 749 4340 ¹)
805 4277 1089 4348 38¹5(24„)
1125 4280 1476 4332 mendicantes
1511 4281 1756 4333 vicatim:
1794 4276 1877 4331 sic
1916 4278 2044 4348 lego
2083 4295 2211 4331 cum
2252 4277 2486 4332 Gelenio
2512 4280 2574 4331 et
2599 4277 2865 4332 omnibus
2890 4275 3114 4331 editori-

492 4363 598 4416 bus
648 4380 752 4432 pro
817 4369 1173 4420 mendicantes
1221 4371 1467 4437 vicantes,
1522 4366 1676 4435 quod
1729 4366 2000 4421 exhibent
2036 4365 2081 4419 P
2120 4370 2178 4419 et
2213 4383 2258 4432 r,
2312 4383 2442 4421 cum
2479 4373 2706 4423 vicantes
2757 4384 2786 4422 e
2839 4367 3114 4436 dittogra-

491 4451 631 4520 phia
671 4454 918 4521 quadam
957 4456 1218 4510 exortum
1256 4470 1376 4510 csse
1415 4454 1693 4509 videatur.

706 4549 748 4609 ²)
805 4528 1080 4615 202006'2)
1118 4546 1211 4598 sed
1246 4549 1302 4599 in
1339 4548 1527 4599 Natali
1561 4564 1672 4600 meo
1711 4550 1997 4599 versutiam
2034 4549 2153 4600 nolo
2188 4565 2295 4600 non
2332 4548 2517 4600 credo:
2556 4545 2598 4598 P
2625 4545 2683 4597 ct
2728 4560 2921 4597 omnes
2958 4557 3113 4612 prae-

493 4632 577 4684 ter
611 4631 974 4701 Boenigium‚
1028 4632 1126 4700 qui
1178 4633 1460 4702 glossema
1511 4633 1829 4703 suspicatus
1866 4653 1975 4687 non
2011 4636 2165 4689 credo
2203 4632 2451 4688 seclusit.
2492 4632 2725 4686 Norden
2764 4647 2898 4685 vero
2938 4630 3113 4703 (Gestat.

490 4718 600 4789 gel.
629 4721 767 4774 Anz.
797 4725 955 4786 1904,
993 4737 1048 4789 P.
1090 4725 1216 4793 302)
1256 4721 1464 4776 conato
1502 4718 1670 4775 Vitae
1711 4720 1984 4791 Cypriani
2022 4739 2143 4792 cap,
2183 4727 2218 4780 8
2257 4724 2366 4776 fine
2406 4723 2575 4776 verba
2614 4717 2825 4773 codicis
2864 4734 3115 4789 compro-

490 4807 669 4868 bavit,
