3634 5300
1016 1397 1128 1496 B.
1211 1397 1334 1495 De
1401 1355 1774 1496 sedibus
1843 1396 2499 1497 clausularum.
2552 1399 2555 1404 ’

668 1627 727 1693 J.
775 1628 921 1712 May
985 1628 1353 1715 (Verhandl.
1421 1627 1753 1694 deutscher
1816 1615 2202 1714 Philologen
2262 1627 2394 1692 und
2443 1625 2907 1694 Schulmanner
2966 1629 3074 1694 auf

457 1734 567 1800 der
625 1739 728 1804 45.
777 1736 954 1800 Vers.
1001 1736 1071 1800 in
1129 1736 1424 1813 Bremen,
1485 1759 1546 1820 p.
1596 1738 1711 1823 68)
1773 1734 2109 1800 contendit
2170 1756 2305 1800 non
2362 1738 2618 1800 tantum
2676 1734 3078 1820 periodorum

454 1839 632 1918 fineS,
691 1841 800 1906 sed
859 1841 1053 1907 etiam
1111 1843 1464 1908 incisorum
1509 1864 1847 1908 numerose
1892 1864 2027 1907 esse
2075 1845 2487 1912 constructos,
2578 1840 2777 1920 Quam
2824 1845 3075 1908 senten-

439 1946 609 2019 ,tiam
673 1947 811 2012 iure
873 1948 1084 2033 potuit
1146 1949 1446 2032 proferre,
1512 1949 1744 2034 quippe
1805 1948 1917 2034 qui
1978 1946 2199 2013 eodem
2245 1969 2419 2012 anno
2467 1946 2952 2033 diligentissime
2999 1947 3076 2012 de

452 2053 574 2119 hac
619 2076 685 2118 re
730 2057 1158 2138 perscrutatus
1205 2057 1372 2118 esset
1416 2055 1736 2121 Ciceronis
1779 2055 2038 2131 librum,
2088 2054 2201 2137 qui
2246 2045 2635 2118 inscribitur
2663 2055 2906 2122 Orator.
2993 2055 3075 2118 Et

451 2161 563 2226 Th.
595 2161 896 2226 Zielinski
914 2183 1059 2226 cum
1079 2161 1478 2226 scriberet'de
1514 2163 1680 2228 libro
1712 2161 1756 2228 J
1759 2163 1875 2226 ulii
1893 2161 2099 2226 Wolff
2120 2162 2248 2241 „De
2281 2161 2577 2228 clausulis
2608 2158 3067 2226 Ciceronianis“

453 2267 795 2353 (Deutsche
854 2267 1282 2356 Lit.-Zeitung
1333 2275 1525 2346 1901,
1584 2293 1643 2354 Ρ.
1691 2275 1867 2340 3243
1916 2272 2078 2354 sqq.)
2138 2271 2387 2352 praeter
2433 2271 2639 2333 cetera
2684 2267 2749 2332 id
2796 2289 3073 2352 conque-

452 2379 588 2438 stus
634 2382 748 2452 est,
804 2375 973 2460 quod
1020 2374 1169 2438 libri
1216 2375 1550 2440 Wolffiani
1596 2375 1778 2441 nullo
1826 2377 1965 2440 loco
2010 2374 2379 2459 explicatur,
2428 2373 2737 2457 quidnam
2783 2375 2865 2439 sit
2899 2375 3073 2439 clau-

452 2480 607 2549 sula.
698 2479 884 2545 Kroll
951 2503 1221 2567 quoque,
1289 2482 1398 2566 qui
1463 2481 1734 2547 eundem
1793 2482 2031 2546 librum
2094 2480 2409 2546 recensuit
2472 2481 2789 2562 (Berliner
2850 2480 3109 2564 philol.¹

453 2586 904 2657 Wochenschr.
971 2594 1162 2679 1903,
1227 2611 1287 2675 p-
1337 2595 1468 2661 204
1533 2592 1714 2676 sqq.),
1779 2588 1949 2654 idem
2012 2571 2351 2675 opprobrio
2415 2587 2525 2654 dat
2570 2586 2852 2666 Wolffio,
2900 2608 3076 2652 cum:

462 2696 620 2778 „Wo
680 2694 880 2775 sich‘,
928 2695 1156 2782 inquit,
1232 2697 1460 2778 ¹,ausser
1523 2720 1626 2761 am
1692 2695 1869 2761 Ende
1934 2694 2043 2761 der
2106 2694 2369 2761 Periode
2434 2694 2603 2759 noch
2651 2692 3076 2760 Satzschliisse

453 2802 688 2881 finden,
736 2808 904 2868 ware
952 2802 1164 2868 besser
1211 2784 1686 2889 aufzuzeigen‘.
1743 2786 1920 2867 Idem
1966 2802 2075 2867 ille
2121 2802 2293 2887 May,
2337 2822 2497 2886 quae
2543 2801 2619 2867 de
2665 2801 2784 2865 hac
2829 2823 2896 2865 re
2928 2823 3075 2867 sen-

453 2910 620 2987 tiret,
684 2909 918 2973 iterum
982 2910 1250 2995 protulit
1310 2910 1512 2996 (Neue
1573 2909 1792 2995 philol.
1839 2908 2226 2975 Rundschau
2279 2915 2470 2986 1904,
2534 2931 2593 2992 p.
2641 2912 2832 2993 267):
2920 2909 3079 2990 ¹,Be-

453 3014 787 3079 kanntlich
845 3015 1291 3082 beschranken
1338 3016 1438 3081 die
1484 3016 1915 3101 Rhythmiker
1972 3016 2072 3080 bis
2124 3017 2286 3101 jetzt
2344 3018 2575 3080 sammt
2636 3015 2767 3081 und
2814 3015 3075 3079 sonders

456 3120 580 3186 den
623 3120 986 3206 Rhythmus
1032 3123 1150 3189 auf
1190 3123 1290 3188 die
1335 3122 1617 3202 Klausel,
1665 3145 1794 3188 was
1841 3122 1944 3187 ich
1992 3123 2146 3187 aber
2187 3121 2291 3186 fiir
2337 3121 2541 3187 falsch
2574 3121 2808 3187 halte“.
2855 3121 3077 3207 Itaque

460 3226 717 3293 Norden
731 3230 799 3317 ¹),
845 3228 1140 3317 Meyer2),
1188 3228 1551 3316 Schoberss),
1597 3230 1895 3316 Kauer4),
1944 3228 2191 3296 Jordan
2202 3232 2272 3316 ὅ),
2322 3228 2773 3315 Bornecquess),
2834 3230 3077 3312 quanto

461 3356 646 3419 opere
704 3335 998 3400 nonnulli
1057 3337 1392 3422 scriptores
1438 3335 1655 3401 Latini
1700 3359 1835 3401 non
1896 3336 2100 3401 solum
2147 3334 2439 3419 periodos
2484 3334 2595 3399 sed
2642 3335 2833 3399 etiam
2878 3334 3082 3397 incisa

460 3440 742 3505 numeris
786 3441 1281 3520 adornavissent,
1330 3443 1558 3508 adlatis
1604 3444 1906 3527 exemplis
1954 3442 2564 3507 demonstraverunt.
2962 3433 2967 3437 ’

676 3544 847 3627 Quae
893 3570 1036 3613 cum
1083 3550 1176 3614 ita
1222 3549 1376 3632 sint,
1427 3572 1585 3636 opus
1631 3570 1839 3635 neque
1884 3550 2212 3635 ingratum
2253 3569 2458 3633 neque
2489 3547 2716 3612 inutile
2746 3546 3079 3631 sperabam

461 3676 561 3719 me
625 3676 1069 3740 aggressurum
1137 3679 1289 3733 esse,
1353 3657 1409 3721 si
1473 3663 1543 3722 in
1606 3656 1770 3721 libro
1837 3655 2225 3732 Minuciano,
2303 3656 2641 3739 postquam
2705 3654 3085 3740 investigavi

462 3760 754 3845 qualibus
798 3762 1081 3827 numeris
1127 3764 1470 3829 finirentur
1514 3763 1775 3849 periodi,
1809 3784 2197 3848 quaererem,
2229 3784 2389 3828 num
2418 3761 2605 3827 iidem
2643 3761 2785 3826 aliis
2832 3781 3082 3845 quoque

460 3868 617 3932 locis
675 3870 1156 3952 reperirentur.·
1214 3868 1386 3948 Quae
1433 3852 1716 3953 quaestio
1765 3892 1838 3933 eo
1886 3868 2250 3953 impeditur,
2298 3866 2470 3951 quod
2518 3867 2594 3931 de
2642 3868 3083 3952 magnitudine

460 3980 887 4039 membrorum
934 3975 1232 4041 universa
1278 3979 1342 4041 et
1386 3976 1462 4041 de
1508 3976 1801 4042 terminis
1848 3997 2068 4041 eorum
2113 3997 2338 4060 parum
2389 3978 2658 4052 constat,
2707 3975 3079 4059 praesertim

684 4172 720 4239 ¹)
777 4167 841 4222 E.
880 4168 1112 4224 Norden
1151 4168 1366 4224 Antike
1404 4162 1770 4239 Kunstprosa'
1801 4169 2068 4224 sescentis
2106 4169 2262 4235 locis,
2299 4167 2547 4222 maxime
2584 4172 2693 4225 930
2730 4186 2854 4237 sqq.

678 4260 720 4330 ²)
777 4256 933 4312 Guil.
971 4257 1165 4327 Meyer
1200 4258 1282 4312 De
1321 4258 1607 4328 cypriano
1644 4258 1735 4314 in:
1774 4259 2119 4329 Fragmenta
2156 4258 2403 4323 Bur-ana,
2444 4274 2499 4327 p.
2536 4260 2659 4313 155.

679 4350 722 4419 ³)
776 4346 1023 4401 Schober
1057 4348 1140 4402 De
1177 4348 1390 4418 Apulei
1429 4349 1967 4417 metamorphoseon
1992 4346 2407 4417 compositione
2427 4363 2747 4413 numerosa,
2785 4368 2840 4420 p.
2866 4352 2936 4405 23
2962 4365 3085 4417 sqq.

680 4440 724 4510 ⁴)
780 4436 974 4492 Kauer
1011 4438 1254 4492 Studien
1292 4456 1361 4491 zu
1398 4438 1696 4503 Pacianus,
1735 4457 1790 4509 p.
1835 4444 1864 4495 1
1906 4455 2028 4507 sqq.

682 4528 725 4596 ⁶)
761 4526 977 4581 Jordan
1021 4526 1433 4597 Rhythmische
1473 4527 1646 4581 Prosa
1689 4527 1790 4581 der
1832 4526 2132 4582 altchristl.
2177 4526 2377 4582 latein.
2422 4527 2722 4592 Literatur,
2761 4542 2817 4594 p,
2856 4530 2924 4583 56
2962 4542 3085 4593 sqq.

466 4615 534 4668 de
571 4614 915 4675 Novatiano.

683 4706 727 4777 ⁶)
780 4704 1110 4774 Bornecque
1162 4704 1258 4778 (Le
1295 4706 1490 4760 Musee
1524 4706 1710 4775 Belge'
1736 4706 1841 4759 VII
1878 4708 2003 4778 257)
2054 4702 2229 4759 huius
2280 4704 2362 4758 rei
2414 4720 2581 4759 causa
2618 4700 2854 4756 Minucii
2891 4719 3013 4773 cap.
3054 4705 3089 4758 5

468 4802 495 4859 ς
533 4795 567 4849 5
604 4791 908 4863 legendam
947 4794 1324 4849 commendat.
