3634 5300
1654 228 1742 240 ..
1832 195 1921 256 44
2012 229 2097 238 -.,,

570 370 624 432 81
669 370 806 432 tota
851 365 1144 451 periodus
1193 387 1320 430 uno
1369 366 1773 430 contineatur
1820 367 2185 442 enuntiat03
2252 389 2401 430 0301
2452 369 2689 432 veteres
2736 369 3186 452 grammaticos

569 475 766 538 alium
831 474 1022 538 aliam
1085 473 1463 536 sententiam
1530 473 1867 556 protulisse
1929 473 2003 536 de
2064 472 2181 536 hac
2228 496 2293 537 re
2341 496 2373 536 e
2423 475 2677 558 scriptis
2726 496 2888 558 quae
2934 497 3185 538 reman-

570 584 788 644 serunt
834 581 986 644 satis
1033 579 1432 663 perspicuum
1478 583 1604 656 est3
1652 581 1727 647 cf.
1760 580 1836 645 A.
1872 579 1954 643 du
2003 580 2249 655 Mesnil,
2313 581 2562 666 Begriff
2602 580 2713 644 der
2759 580 2894 645 drei
2940 581 3183 646 Kunst-

568 688 816 750 formen
878 687 987 750 der
1032 686 1234 749 Rede:
1297 685 1593 761 Komma,
1657 686 1893 763 Kolon,
1955 686 2217 750 Periotle
2263 686 2366 750 bei
2413 686 2535 750 den
2583 689 2795 764 Alten,
2845 687 3189 754 Frankfurt

567 817 619 858 a.
657 792 724 861 O.
778 799 966 863 1894.
1060 792 1178 856 Sed
1225 814 1305 856 ne
1353 793 1494 875 quis
1541 784 1804 873 dubitet,
1856 793 2011 877 quin
2059 794 2321 858 omnino
2368 794 2643 878 aliquem
2689 817 3019 858 numerum
3056 817 3187 858 me-

568 899 688 964 diis
736 921 987 982 quoque
1033 900 1103 962 in
1147 897 1421 982 periodis
1468 922 1571 964 ars
1621 899 1998 964 Latinorum
2042 899 2359 964 rhetorica
2404 900 2806 986 flagitaverit,
2838 902 3187 965 nonnullos

567 1006 920 1070 adscribam
985 1005 1172 1069 locos,
1259 1005 1474 1070 Cicero
1523 1005 1753 1069 Orator
1805 1011 1972 1075 199:
2024 1004 2197 1071 Solet
2244 1009 2481 1090 quaeri,
2546 1012 2767 1072 totone
2830 1009 2897 1072 in
2945 1011 3188 1074 ambitu

567 1113 903 1178 verborum
951 1111 1200 1176 numeri
1244 1111 1506 1176 tenendi
1553 1113 1684 1176 sint
1731 1136 1814 1176 an
1863 1113 1932 1176 in
1980 1113 2201 1198 primis
2233 1113 2519 1198 partibus
2551 1118 2740 1198 atque
2772 1114 2840 1177 in
2873 1117 3187 1180 extremis.

567 1220 862 1302 Plerique
910 1219 1082 1282 enim
1129 1222 1395 1282 censent
1440 1219 1660 1283 cadere
1706 1222 1965 1284 tantum
2010 1241 2347 1284 numerose
2395 1224 2689 1305 oportere
2738 1222 3189 1306 terminarique

567 1327 969 1390 sententiam.
1021 1325 1130 1389 Est
1177 1328 1390 1390 autem
1439 1329 1509 1389 ut
1555 1325 1620 1389 id
1669 1327 1943 1390 maxime
1990 1327 2223 1404 deceat,
2273 1349 2405 1392 non
2456 1331 2526 1392 ut
2571 1328 2796 1396 solum.
2844 1329 3189 1393 Ponendus

568 1436 664 1497 est
710 1431 880 1496 enim
927 1433 1035 1495 ille
1082 1432 1373 1510 ambituS,
1426 1453 1557 1495 non
1607 1431 1990 1497 abiciendus,
2081 1432 2175 1497 De
2224 1433 2489 1499 Oratore
2542 1441 2664 1504 191
2717 1456 2838 1519 sq.:
2888 1433 2954 1499 Si
3000 1437 3191 1521 primi

569 1541 634 1602 et
677 1541 982 1624 postremi
1029 1538 1216 1622 pedes
1245 1543 1414 1616 ,sunt
1459 1539 1578 1602 1130
1626 1540 1873 1604 ratione
1921 1540 2165 1620 servati,
2215 1541 2404 1606 medii
2453 1545 2724 1626 possunt
2752 1541 2969 1621 latere,
3000 1543 3189 1607 modo

563 1655 651 1709 ’00
712 1645 1011 1709 circuitus
1071 1645 1205 1730 ipse
1265 1645 1601 1710 verborum
1657 1647 1738 1710 sit
1782 1650 1893 1710 aut
1938 1647 2190 1711 brevior
2237 1669 2429 1730 quam
2475 1670 2656 1712 aures
2704 1653 3035 1734 expectent
3081 1656 3191 1714 aut

566 1752 818 1837 longior
865 1773 1058 1836 quam
1106 1753 1266 1815 vires
1296 1755 1487 1835 atque
1519 1753 1734 1816 anima
1765 1754 2059 1837 patiatur.
2110 1753 2540 1834 Quintilianus
2569 1756 2782 1824 Instit.
2815 1757 2908 1820 IX
2944 1765 3023 1827 61
3063 1779 3189 1841 sq‚:

563 1859 642 1922 In
711 1861 887 1938 omni
947 1880 1208 1943 corpore
1273 1862 1534 1942 totoque
1600 1863 1700 1944 (ut
1762 1860 1855 1924 ita
1920 1861 2211 1945 dixerim)
2278 1865 2485 1926 tractu
2531 1864 2839 1927 sermonis
2890 1887 3187 1928 numerus

566 1967 841 2029 insertus
887 1969 1001 2034 est,
1094 1963 1337 2029 Similia
1383 1967 1554 2052 legas
1601 1967 1789 2051 apud·
1815 1967 2283 2046 Quintilianum
2328 1968 2535 2038 Instit.
2582 1969 2675 2034 IX
2722 1977 2806 2040 66
2857 1993 2946 2053 sq.

781 2071 938 2135 Cum
984 2072 1184 2157 igitur
1223 2073 1437 2136 animo
1484 2075 1562 2136 ad
1601 2072 1768 2137 11300
1800 2075 2235 2156 quaestionem
2268 2078 2515 2140 attento
2548 2076 2815 2141 Minucii
2864 2077 3190 2162 dialogum

566 2183 1012 2262 perscrutarer,
1061 2179 1220 2243 mihi
1265 2180 1468 2265 magis
1515 2182 1845 2265 magisque
1892 2181 2179 2266 persuasi
2225 2182 2521 2246 omnibus
2570 2184 2739 2262 lociS‚
2806 2183 3034 2268 quibus
3081 2186 3191 2247 aut

567 2287 823 2370 integra
883 2285 1198 2349 sententia
1246 2289 1355 2349 aut
1402 2289 1760 2352 sententiae
1807 2310 1955 2370 pars
2002 2288 2371 2368 absolvitur,
2423 2289 2779 2353 orationem
2830 2291 2921 2355 ita
2967 2312 3192 2353 nume-

568 2413 710 2454 rose
758 2392 996 2469 cadere,
1047 2397 1119 2454 ut
1165 2413 1294 2454 003
1339 2414 1413 2454 ex
1461 2391 1586 2455 illis
1633 2393 1951 2472 clausulis,
2001 2393 2241 2478 quibus
2268 2395 2561 2478 periodos
2592 2396 2989 2460 Minucianas
3021 2395 3195 2460 finiri

567 2499 859 2575 vidimus,
914 2502 1230 2582 appareat.
1275 2497 1452 2562 Idem
1498 2499 1624 2563 iam
1673 2499 1942 2564 sensisse
1979 2501 2228 2565 videtur
2258 2503 2328 2568 E.
2369 2503 2642 2580 Norden,
2697 2505 2822 2587 qui,
2856 2508 3192 2587 postquam

577 2605 704 2685 „De
750 2603 832 2675 M,
879 2605 1143 2670 Minucii
1193 2605 1417 2671 Felicis
1483 2609 1690 2671 aetate
1755 2609 1820 2671 et
1883 2627 2116 2693 genere
2176 2607 2465 2673 -dicendi“
2523 2609 2837 2689 disseruit,
2901 2612 2969 2675 in
3029 2610 3192 2675 libro

564 2712 801 2776 maiore
849 2712 991 2799 (Die
1056 2713 1273 2777 antike
1320 2712 1738 2797 Kunstprosa‚
1786 2738 1849 2799 p.
1894 2720 2027 2785 605
2073 2719 2219 2799 sq.):
2276 2714 2611 2795 Minucius,
2671 2718 2899 2801 inquit,
2951 2720 3064 2782 hat
3113 2740 3179 2782 es

571 2819 688 2883 mit
735 2819 1047 2904 einzigem
1095 2818 1408 2884 Geschick
1455 2820 1857 2899 verstanden,
1905 2810 2021 2885 auf
2062 2819 2286 2886 Grund
2335 2822 2444 2886 der
2490 2822 2897 2910 Philosophie
2945 2822 3193 2890 Ciceros

568 2926 698 2989 und
763 2926 872 2989 der
935 2926 1192 2990 Diction
1259 2926 1534 2991 Senekas
1600 2928 1667 2990 in
1729 2928 1936 2992 einem
2002 2928 2124 2993 den
2189 2929 2705 2995 verwohntesten
2772 2932 3193 3015 Anspriichen

567 3033 994 3117 geniigenden
1039 3022 1332 3097 Mo'destil
1379 3033 1477 3096 die
1525 3055 1684 3097 neue
1731 3033 2025 3117 Religion
2073 3034 2195 3099 den
2245 3034 2609 3120 gebildeten
2642 3036 2891 3101 Heiden
2936 3060 3011 3101 zu
3060 3059 3191 3102 em-

567 3137 860 3222 pfehlen3
927 3139 1026 3203 die
1089 3139 1486 3203 zierlichsten
1543 3138 1824 3225 Figuren
1888 3140 1995 3205 des
2062 3142 2407 3206 modernen
2472 3142 2941 3228 sophistischen
2988 3144 3191 3224 Stiles,

567 3266 680 3307 vor
740 3245 928 3309 allem
988 3244 1112 3309 den
1172 3243 1887 3330 Gliederparallelismus
1948 3248 2066 3310 mit
2128 3245 2558 3333 Gleichklang
2620 3270 2724 3312 am
2771 3249 2967 3330 Ende,
3036 3252 3193 3315 weiss

567 3373 636 3414 er
700 3351 818 3415 mit
881 3353 1056 3416 einer
1103 3352 1328 3417 Grazie
1393 3352 1855 3435 anzubringen,
1927 3352 2026 3416 die
2088 3353 2384 3439 obgleich
2446 3355 2533 3418 sie
2580 3356 2770 3420 keine
2816 3358 3191 3434 natfirliche,

567 3457 840 3523 sondern
907 3458 1046 3522 eine
1107 3456 1306 3522 durch
1353 3456 1644 3522 Studium
1704 3460 1838 3523 und
1884 3460 2313 3545 gelegentlich
2360 3461 2559 3526 durch
2618 3462 3047 3528 Raffinement
3092 3488 3192 3528 er-

569 3565 861 3630 worbene
907 3567 1008 3643 ist,
1070 3564 1232 3628 doch
1281 3565 1585 3651 nirgends
1629 3566 1895 3630 verletzt
1941 3568 2057 3631 wie
2104 3566 2207 3631 bei
2252 3569 2574 3652 ApulejuS.
2674 3571 2753 3634 Et
2798 3572 2862 3635 in
2914 3572 3195 3636 eiusdem

567 3672 714 3736 libri
760 3695 818 3755 p.
867 3678 996 3741 933
1045 3672 1164 3735 ait:
1211 3673 1328 3735 Bei
1372 3672 1689 3737 Minucius
1735 3673 1899 3737 wird
1946 3674 2045 3738 die
2098 3675 2296 3760 Regel
2359 3674 2509 3763 (den
2558 3674 2797 3741 Sc'hluss
2861 3678 2973 3740 der
3019 3685 3195 3745 κῶλα.

567 3777 965 3863 rhythmisch
1029 3801 1105 3842 zu
1169 3778 1506 3863 gestalten)
1572 3802 1696 3843 nur
1756 3779 1933 3845 dann
1978 3777 2263 3859 verletzt,
2326 3804 2516 3846 wenn
2564 3781 2663 3846 die
2716 3782 2980 3847 Stimme
3027 3784 3193 3847 noch

567 3886 638 3949 10
702 3886 812 3949 der
858 3884 1156 3951 Schwebe
1215 3885 1434 3965 bleibt,
1500 3888 1633 3950 also
1693 3888 1834 3951 eine
1895 3887 2273 3973 eigentliche
2338 3889 2603 3953 Klausel
2664 3888 2845 3953 nicht
2904 3890 3192 3977 vorliegt.

568 3992 747 4056 Idem
793 3994 924 4055 fere
970 3995 1242 4056 testatur
1288 3992 1371 4056 H.
1420 3994 1790 4077 Bornecque
1840 3995 1983 4083 (Les
2030 3994 2340 4059 clausules
2387 3997 2733 4080 metriques
2782 3997 2941 4061 dans
2978 3996 3190 4061 Minu·-

569 4103 700 4164 cius
749 4099 956 4163 Felix:
1005 4100 1091 4164 Le
1122 4100 1335 4164 Musee
1369 4100 1564 4187 Belge
1615 4101 1733 4165 VH
1779 4103 1969 4189 257):
2015 4102 2070 4166 Il
2117 4103 2461 4189 (Minucius
2510 4104 2707 4193 Felix)
2755 4104 3051 4189 applique
3100 4105 3189 4168 les

569 4206 774 4291 regles
835 4228 983 4271 avec
1042 4206 1104 4270 la
1163 4213 1368 4271 100100
1415 4207 1818 4291 scrupuleuse
1866 4208 2220 4272 exactitude.
2266 4212 2305 4273 a
2352 4210 2393 4273 1’
2414 4212 2721 4275 interieur
2769 4212 2876 4275 des
2925 4212 3193 4297 longues

567 4312 861 4397 phrases3
911 4316 1015 4398 qu'
1049 4335 1132 4378 on
1179 4314 1489 4393 examine,
1537 4318 1576 4378 a
1622 4336 1692 4379 00
1737 4314 1923 4400 point
1970 4315 2044 4379 de
2091 4338 2229 4397 vue,
2279 4316 2433 4381 celle
2465 4318 2576 4401 qui
2606 4318 2807 4383 forme
2852 4320 2911 4383 10
2958 4325 2997 4401 ξ
3030 4324 3070 4387 5
3118 4319 3193 4382 de

568 4420 850 4505 chapitre
897 4428 956 4489 5.

781 4526 878 4589 Ne
913 4528 1168 4613 ’longus
1231 4528 1368 4602 sim,
1432 4529 1687 4613 singula
1745 4528 1895 4593 nolo
1955 4550 2344 4614 proponere3
2406 4531 2601 4594 immo
2649 4533 2802 4595 satis
2850 4531 2932 4595 sit
2977 4532 3192 4615 paucis

571 4633 776 4697 verbis
841 4633 1175 4718 complecti
1239 4656 1399 4717 quae
1462 4635 1611 4698 inde
1676 4634 2207 4702 redundaverunt.
2300 4636 2586 4701 Primum
2650 4638 2905 4722 quidem
2951 4641 3193 4701 certum

571 4744 668 4804 est
733 4741 950 4804 omnia
1014 4740 1348 4805 enuntiata
1412 4742 1540 4806 sive
1599 4738 1903 4825 primaria
1950 4745 2080 4807 sive
2128 4742 2519 4823 secundaria,
2582 4744 2831 4808 etiamsi
2877 4766 3011 4825 non
3056 4748 3186 4809 tam
