3634 5300
1605 222 2049 285 -46-

1245 393 1314 478 1))
1377 395 1518 458 aut
1562 393 1815 458 semel
1860 393 2221 476 positum
2266 395 2419 462 est:

518 523 869 605 2321073)
948 539 1027 582 ne
1075 517 1277 583 hiems
1325 519 1460 584 sola
1504 517 1706 604 glacie
1753 521 1964 581 ureret
2010 520 2116 603 (4c
2160 538 2274 600 per
2318 518 2547 601 synal.)

947 629 1059 690 aut
1103 679 1117 693 .
1165 679 1178 694 .
1227 681 1240 693 .
1290 675 1305 690 .
1353 623 1576 690 ardore
1623 629 1894 690 torreret
1940 627 2034 709 (1)

519 735 872 818 3822(244)
950 731 1146 818 quid?
1193 731 1305 817 qui
1351 782 1364 795 .
1413 783 1426 796 .
1477 787 1492 804 ,
1539 779 1554 795 .
1601 730 1970 796 vulneribus
2017 730 2145 795 suis
2192 729 2503 815 supplicat
2550 734 2645 816 (2)

1023 891 1036 904 .
1088 889 1101 902 .
1151 891 1166 908 .
1212 844 1322 903 aut
1367 839 1470 902 cui
1515 887 1530 903 .
1581 893 1592 905 .
1645 892 1660 907 .
1706 891 1721 906 .
1769 837 2045 902 obscena
2090 836 2373 902 demessa
2418 841 2513 923 (1)

518 950 605 1015 45
616 948 836 1030 4(277)
944 947 1132 1029 prout
1177 943 1332 1008 fides
1378 944 1678 1028 patientis
1726 945 1983 1010 adiuvat
2029 948 2099 1030 (4
2117 948 2179 1029 a)

509 1129 522 1142 .
956 1054 1069 1115 aut
1113 1051 1324 1136 gratia
1369 1051 1649 1116 curantis
1696 1050 1979 1135 adspirat
2024 1054 2119 1138 (1)

521 1162 837 1245 515(315)
945 1179 1060 1222 nec
1105 1158 1277 1222 enim
1323 1157 1729 1242 indulgemus
1775 1158 1979 1242 epulis
2026 1160 2151 1242 (-0
2173 1182 2314 1221 «Ν,
2359 1189 2446 1214 =-—-
2494 1161 2649 1242 38²)

955 1268 1068 1330 aut
1111 1265 1472 1329 convivium
1517 1285 1690 1328 mero
1737 1263 2025 1329 ducimus
2074 1267 2169 1349 (2)

945 1479 1014 1566 2.
1076 1498 1290 1564 Intra
1336 1498 1721 1565 enuntiata
1769 1497 2301 1579 disiunguntur
2349 1500 2696 1563 membra.

1358 1657 1422 1737 a)
1487 1656 1883 1738 quattuor
1928 1653 2309 1718 membra:
2380 1743 2387 1750 ο

525 1799 748 1887 99(71)
950 1800 1063 1861 aut
1109 1795 1520 1860 observandis
1566 1797 1850 1883 auguriis
1898 1797 2141 1885 (--....
2182 1797 2189 1884 Ι
2230 1821 2433 1861 ..ω-
2479 1796 2639 1885 3113)
2662 1800 2710 1883 ¹)

959 1905 1071 1966 aut
1115 1903 1276 1967 extis
1323 1904 1726 1968 consulendis
1774 1903 1843 1990 (3
1859 1903 1921 1992 a)

959 2012 1071 2073 aut
1114 2009 1524 2073 instituendis
1570 2010 1762 2074 sacris
1811 2012 1878 2099 (3
1895 2010 1963 2099 b)

960 2119 1072 2181 aut
1120 2114 1397 2182 delubris
1443 2115 1806 2180 dedicandis
1853 2117 1920 2204 (3
1936 2119 2001 2201 a)
2090 2138 2348 2200 operam
2393 2120 2792 2183 navaverunt
2838 2117 2905 2206 (3
2918 2118 2988 2206 b)

528 2224 842 2311 317(203)
959 2221 1356 2288 conditorem
1403 2244 1586 2293 suum
1637 2224 1731 2311 (2)

952 2335 1065 2394 aut
1110 2329 1331 2393 ducem
1376 2329 1688 2413 inclytum
1736 2319 1807 2414 (4
1824 2329 1884 2417 a)
1930 2389 1936 2395 .

961 2439 1072 2500 aut
1117 2437 1404 2521 reginam
1451 2457 1604 2500 sexu
1649 2458 1764 2500 suo
1812 2427 2143 2502 fortiorem
2189 2441 2365 2522 (cre-t.
2417 2444 2497 2521 -{—
2547 2441 2654 2522 3a)

959 2549 1071 2607 aut
1117 2543 1381 2607 alicuius
1432 2542 1711 2607 muneris
1762 2545 1832 2632 (4
1847 2544 1914 2630 b)
1962 2545 2063 2608 vel
2108 2544 2266 2608 artis
2311 2548 2707 2629 repertorem.
2750 2545 2844 2632 (1)
2932 2587 2940 2592 -

963 2648 1380 2715 venerabatur
1428 2655 1500 2715 ut
1546 2650 1743 2717 civem
1787 2650 1995 2716 bonae
2042 2652 2383 2717 memoriae
2430 2650 2748 2739 (dispond.
2788 2658 2877 2735 --†—
2932 2658 2972 2721 3
2989 2654 3089 2737 a2)

1461 2830 1466 2833 ·
1566 2793 1638 2880 b)
1704 2788 2103 2859 tricolon:

528 2923 684 3006 62(5
700 2924 759 3005 5)
950 2974 963 2988 .
1012 2969 1026 2982 .
1075 2969 1088 2983 .
1136 2968 1152 2987 .
1201 2921 1313 2987 'aut
1359 2920 1515 2983 scire
1561 2920 1645 2984 sit
1690 2920 1911 2984 datum
1957 2922 2028 3005 (4
2045 2923 2107 3007 a)

949 3029 1062 3090 aut
1104 3027 1372 3089 scrutari
1417 3028 1793 3110 permissum
1847 3029 1913 3112 (-.
1950 3028 1963 3115 Ι
2002 3082 2163 3091 ..,.,
2201 3029 2213 3115 Ι
2252 3065 2412 3091 --υ
2460 3059 2548 3081 τ.-
2595 3026 2743 3097 mol.
2782 3031 2863 3110 4.
2899 3025 3023 3112 gb)

841 3172 854 3199 .·
963 3136 1075 3196 aut
1119 3133 1425 3217 suspicari
1469 3133 1841 3219 religiosum
1888 3136 1954 3219 (1
1967 3138 2023 3220 Β)
2042 3138 2094 3219 2)

913 3296 971 3378 0)
1039 3293 1522 3357 bimembres
1573 3294 1651 3358 hi
1697 3293 1861 3357 loci
1906 3293 2216 3357 habent
2263 3296 2399 3357 aut
2444 3332 2531 3342 -—
2579 3295 2747 3357 aut:

533 3425 762 3509 81(61)
957 3439 1100 3482 cum
1146 3419 1344 3505 igitur
1391 3423 1503 3483 aut
1547 3418 1812 3483 fortuna
1859 3440 2044 3484 caeca
2090 3417 2417 3503 (ditroch,1
2468 3423 2548 3501 4-
2599 3419 2718 3502 33)
2731 3419 2782 3503 s)

961 3529 1071 3588 aut
1115 3526 1358 3589 incerta
1402 3529 1635 3590 natura
1681 3526 1769 3588 sit
1809 3527 1906 3611 (2)

750 3721 790 3791 ¹)
844 3717 1077 3773 Norden
1129 3718 1364 3790 (Antike
1401 3718 1761 3789 Kunstprosa
1798 3722 1927 3791 924)
1981 3718 2103 3772 1000
2155 3716 2373 3788 primae
2412 3717 2664 3787 syllabae
2702 3715 2890 3771 brevis
2929 3716 3150 3771 clausu·

535 3808 722 3862 larum
758 3830 962 3869 -..;....
1002 3809 1077 3878 (1)
1083 3847 1369 3873 .......
1409 3811 1512 3881 (1³)
1517 3847 1773 3873 ......
1773 3856 1775 3859 Α
1793 3811 1937 3881 ..(2)
1940 3848 2289 3875 ........
2329 3810 2431 3881 (2³)
2470 3806 2673 3879 longas
2709 3806 2983 3872 admittit,
3022 3823 3153 3861 cum

537 3913 602 3951 eo
641 3896 824 3953 Wolff
870 3900 994 3967 (581
1035 3899 1161 3969 sq.,)
1211 3896 1484 3951 Zielinski
1525 3901 1600 3969 (p.
1641 3902 1710 3953 14
1747 3884 1806 3950 et
1842 3903 1910 3955 16
1948 3907 2067 3966 sq.‚)
2120 3896 2336 3951 Jordan
2374 3898 2664 3969 (Rhythm.
2715 3897 2887 3951 Prosa
2937 3897 2999 3950 in
3053 3896 3153 3951 der

537 3985 836 4046 altchristl
877 3986 1166 4039 Literatur
1215 4003 1271 4055 p.
1309 3989 1380 4042 35
1418 3988 1477 4062 et
1510 3990 1578 4043 41
1620 3987 1796 4057 sqq.;)
1848 3985 2038 4063 Kauer
2091 4003 2225 4048 vero
2263 3987 2413 4040 hanc
2460 3986 2750 4041 licentiam
2783 3986 2847 4040 in
2884 3984 3152 4040 clausulis

535 4074 772 4131 Paciani
809 4072 1193 4154 describendis
1231 4093 1286 4145 p.
1315 4080 1383 4132 16
1421 4074 1709 4130 revocavit
1743 4075 1821 4128 ad
1856 4092 1951 4129 eos
1985 4060 2154 4141 locos,
2209 4076 2418 4145 quibus
2455 4078 2565 4132 ista
2602 4076 2889 4130 clausulae
2933 4075 3153 4145 syllaba

538 4164 726 4219 brevis
759 4168 894 4218 ante
929 4165 1114 4234 ipsam
1153 4177 1447 4218 caesuram
1481 4162 1671 4234 posita
1707 4165 1870 4218 esset.
1922 4153 2031 4218 Sed
2064 4164 2221 4235 apud
2247 4163 2581 4231 Minucium,
2622 4166 2692 4219 ut
2728 4167 2814 4220 est
2850 4163 3155 4234 simplicio·

535 4272 664 4311 rum
702 4253 1017 4309 formarum
1055 4252 1506 4319 amantissimus„
1534 4269 1652 4307 non
1691 4254 1814 4319 est,
1809 4270 1935 4307 cur
1970 4252 2138 4309 illum
2176 4271 2345 4309 usum
2382 4256 2719 4313 statuamus

751 4346 790 4415 2)
846 4342 974 4396 Nisi
1011 4343 1158 4396 forte
1185 4342 1417 4398 Norden
1441 4345 1661 4401 rectum
1685 4341 1969 4397 intellexit
2004 4344 2105 4413 qui
2130 4341 2306 4415 (Gott
2332 4343 2443 4413 gel.
2469 4344 2608 4399 Ana.
2629 4347 2786 4409 1904,
2824 4362 2881 4413 p.
2908 4346 3013 4400 296
3050 4342 3154 4413 ὃς.)

538 4432 728 4487 locum
778 4432 863 4486 ita
915 4431 1243 4487 constituit:
1308 4442 1403 4487 aut
1451 4438 1590 4490 scire
1638 4437 1708 4487 sit
1758 4435 1974 4487 datum
1998 4434 2087 4499 [ut
2137 4435 2387 4487 scrutare
2426 4432 2527 4505 (sic
2563 4431 2627 4505 P)
2665 4430 3023 4503 permissum]
3063 4439 3158 4487 aut

538 4528 766 4592 ruspari
804 4526 1072 4592 (stuprari
1105 4521 1164 4586 P,
1203 4527 1477 4591 suspicari
1505 4506 1792 4576 Dombart
1827 4520 2017 4586 Halm,
2054 4524 2284 4591 ruspari
2318 4520 2571 4639 Scaliger
2606 4519 2843 4591 Boenig‚
2880 4523 3155 4588 disputare

539 4611 729 4685 Klotz)
765 4614 1089 4681 reliyiosum.
1423 4629 1434 4640 ·

754 4704 797 4774 8)
853 4700 961 4755 Pro
998 4702 1237 4770 fortuna
1287 4710 1431 4756 certa
1483 4698 1564 4767 (P)
1617 4716 1748 4754 cum
1765 4700 2062 4755 Dombart
2112 4716 2217 4770 ego
2244 4715 2488 4768 quoque
2524 4703 2750 4769 fortuna
2785 4716 2937 4753 caeca
2975 4696 3155 4753 scribo

543 4791 739 4845 habita
775 4791 995 4845 ratione
1034 4788 1351 4844 sententiae
1390 4788 1665 4845 continuo
1702 4788 2143 4849 antecedentia,
