3634 5300
1643 225 2086 288 —53—

613 401 661 487 1)
724 397 1148 484 appositio
1198 419 1432 480 quam
1479 417 1857 461 vocamus
1905 396 2283 479 sequitur
2329 393 2961 459 substantivum
3010 395 3108 483 (l)

553 508 914 596 4013(257)
964 529 1038 572 ae
1083 506 1439 570 Volumnus
1489 504 1578 568 dii

657 654 747 741 m)
809 671 1256 737 pronomen
1303 649 1853 714 subiectivum
1899 645 2323 712 antecedit
2370 644 2906 710 substantivo
2954 645 3052 733 (4)

553 778 913 862 34156223)
975 796 1136 858 quae
1182 773 1349 838 Iovis
1395 793 1573 838 saera
1621 775 1773 838 sunt

553 884 910 968 52160321)
975 881 1130 944 haec
1177 879 1277 944 dei
1323 900 1500 944 sacra
1545 882 1698 944 sunt

553 991 825 1075 611(57)
972 987 1114 1073 quis
1160 987 1313 1052 deus
1361 985 1766 1051 machinator

553 1100 638 1165 58
655 1098 838 1180 21(ὃὸ
855 1098 914 1180 4)
976 1095 1084 1177 qui
1133 1093 1249 1158 deo
1298 1092 1467 1158 dives
1514 1097 1611 1158 est

552 1258 624 1341 n)
690 1254 1146 1320 subiectum
1207 1257 1348 1318 aut
1404 1253 1971 1317 nominativus
2036 1246 2657 1335 praedicativus
2724 1244 2818 1309 ad
2895 1263 3167 1307 vocem

761 1360 1482 1446 applicatur—quae
1527 1360 1760 1425 nullo
1807 1359 2036 1423 modo
2085 1379 2255 1422 cum
2302 1376 2387 1419 eo
2435 1354 2821 1418 cohaeret
2868 1352 2963 1436 (5)

552 1488 912 1573 5812(362)
971 1489 1258 1550 nostrum
1308 1486 1460 1551 deus
1507 1486 1676 1550 fatus
1723 1491 1820 1551 est

552 1600 637 1663 26
653 1595 875 1679 6089)
973 1613 1242 1676 quaeras
1290 1593 1442 1657 deus
1488 1613 1728 1656 nomen
1774 1594 1871 1656 est

552 1707 638 1770 28
653 1702 802 1786 ,109
819 1702 881 1785 6)
973 1698 1209 1764 mentis
1256 1699 1410 1765 deus
1457 1700 1690 1764 dieitur

554 1808 915 1892 3817(243)
975 1809 1183 1870 totum
1228 1806 1410 1870 nefas
1454 1807 1656 1870 visere

553 1914 874 1997 581(356)
977 1912 1376 1976 solummodo
1422 1911 1544 1976 viri
1589 1911 1913 1976 nascimur

655 2073 719 2156 o)
768 2072 1291 2137 aecusativus
1336 2070 1960 2155 praedicativus
2007 2073 2386 2158 sequitur
2432 2077 2935 2144 obiectivum
2982 2082 3082 2165 (5)

558 2199 914 2287 1917(146)
977 2220 1140 2284 quos
1191 2201 1393 2263 bonos
1448 2201 1835 2282 putaverunt

555 2306 808 2393 27609
826 2308 885 2391 2)
977 2305 1272 2389 spiritum
1321 2305 1508 2368 deum
1540 2305 1836 2369 nominat

555 2412 841 2496 281109
858 2413 919 2499 7)
981 2414 1291 2496 regantur
1337 2411 1522 2475 deum
1568 2433 1754 2475 nosse

555 2524 640 2588 28
659 2519 842 2606 1309
860 2521 920 2604 6)
983 2517 1486 2603 intellegentiam
1538 2517 1724 2581 deum
1771 2516 2055 2602 loquitur

556 2625 800 2714 29109
823 2626 917 2714 16)
978 2625 1293 2690 rationem
1354 2623 1540 2689 deum
1587 2622 1837 2689 disserit

1028 2790 1096 2871 p)
1162 2786 1528 2851 dativum
1588 2786 2117 2851 accusativus
2178 2788 2554 2869 sequitur
2613 2792 2709 2874 (3)

556 2918 920 3007 2816096)
982 2919 1221 2983 mundo
1269 2918 1457 2983 deum
1503 2919 1793 3002 praeficit

557 3026 843 3111 3610(23
861 3028 920 3110 5)
981 3026 1248 3090 Admeto
1293 3044 1484 3109 pecus
1529 3024 1732 3108 pascit

555 3136 920 3225 521ο(322)
970 3136 1225 3200 reiciam
1273 3135 1333 3199 ei
1378 3157 1563 3199 suum
1608 3156 1844 3198 munus

733 3297 800 3380 q)
866 3295 1286 3360 ablativus
1333 3315 1759 3365 mensurae
1807 3294 2229 3359 antecedit
2273 3298 2836 3381 comparativo
2886 3300 2982 3384 (1)

555 3408 638 3474 56
653 3408 944 3490 26(3412)
977 3407 1158 3468 tanto
1191 3403 1398 3489 magis
1427 3402 1666 3467 iustum
1698 3407 1792 3467 est
1852 3401 1859 3485 Ι
2116 3400 2450 3468 Conferas:
2500 3403 2915 3470 nihilominus

552 3567 611 3650 r)
675 3562 800 3628 bis
847 3563 1123 3649 agitur
1169 3563 1258 3628 de
1303 3563 1590 3627 formis
1637 3562 2067 3627 encliticis
2112 3566 2544 3628 verborum
2590 3586 2791 3648 quae
2835 3566 3179 3651 proprie

1657 3668 2047 3734 dicuntur

552 3777 880 3866 481(291)
973 3777 1166 3841 homo
1213 3780 1310 3841 est
1355 3776 1506 3841 velit
1552 3777 1720 3841 nolit

554 3887 838 3970 5325(ὃὸ
854 3887 914 3970 1)
975 3882 1320 3947 admodum
1365 3885 1550 3967 pauci
1598 3905 1815 3948 sumus

1250 4024 1539 4090 Cetera
1584 4027 1955 4110 exempla
2001 4030 2193 4091 sunt
2238 4026 2466 4091 haec:

553 4156 635 4219 16
652 4153 836 4236 1602
853 4152 911 4235 2)
974 4171 1159 4233 opere
1207 4148 1376 4214 fame*
1421 4148 1729 4212 laboratis
1756 4151 1811 4235 1)

553 4257 911 4343 3816(246)
971 4256 1227 4320 vicatim
1275 4255 1425 4319 deos
1474 4256 1714 4320 ducunt

551 4369 637 4433 46
653 4366 836 4448 26(28
854 4365 913 4448 7)
976 4364 1192 4427 vultus
1241 4362 1390 4427 deos
1437 4360 1739 4427 dedicatis

771 4526 805 4586 ¹)
864 4520 930 4573 In
969 4536 1084 4574 uno
1122 4521 1232 4575 hoc
1270 4520 1546 4590 exemplo,
1585 4521 1633 4573 si
1670 4524 1953 4594 5216(322)
1990 4525 2209 4577 reiciam
2245 4526 2294 4576 ei
2327 4540 2484 4577 suum
2511 4540 2705 4576 munus
2730 4519 2995 4593 excipias,
3034 4524 3173 4576 ante

551 4610 788 4665 verbum
842 4608 1154 4663 iambicum
1209 4608 1423 4680 legitur
1479 4611 1716 4665 verbum
1774 4610 1930 4678 quod
1984 4610 2049 4665 in
2104 4610 2385 4679 syllabam
2437 4612 2660 4665 brevem
2717 4610 2888 4668 eadit.
2962 4612 3168 4679 Itaque

549 4698 736 4752 neseio
788 4715 863 4752 an
914 4715 1016 4769 pro
1063 4700 1236 4753 verbo
1289 4716 1442 4767 opere
1491 4698 1853 4753 scribendum
1892 4698 1968 4752 sit
2004 4705 2197 4768 ορενίῖς
2260 4700 2407 4753 conf.
2449 4698 2509 4753 P.
2549 4699 2619 4755 H.
2658 4700 2892 4754 Damste
2928 4700 3177 4753 Mnemo-

551 4802 688 4855 syne
727 4791 866 4845 1906
902 4805 959 4857 p.
999 4792 1121 4846 176.
